2776 4476
176 276 238 339 220
630 293 787 336 reinseri.
874 356 876 361 Α

381 440 543 524 espeisse
564 443 742 524 triumphum
763 442 841 505 selus
861 454 888 506 et
909 446 990 507 virere
1011 443 1171 516 uenum,

178 530 277 592 nutrix
299 528 376 590 redit
397 546 432 589 ae
454 528 541 590 dieii:

377 613 495 693 prelme
516 618 560 675 eis
581 624 622 675 eet
643 631 766 694 pedeque
788 611 928 676 Palladia.
944 612 1007 676 retu

380 697 499 760 desuevit
519 716 632 760 emnem
654 709 735 761 traete
755 698 937 778 [mulonem
958 717 1085 761 menum.

178 801 238 863 que
267 784 414 846 referatur
434 801 558 864 puuepue
588 783 753 859 nescimus3
782 784 981 864 comperimus
1007 801 1061 863 per
1084 783 1251 847 Deianiram

178 886 253 948 quae
277 868 390 948 pergit:

381 971 458 1015 nuere
479 963 650 1031 rumperetur
669 958 752 1015 eine
773 966 801 1016 et
822 958 938 1016 vestis
959 952 1037 1017 ittet

381 1036 523 1100 Hermiou
540 1048 658 1118 pestem,
676 1037 808 1118 presides
828 1037 935 1118 eripede
957 1037 1076 1100 mulum.

176 1122 243 1184 dein
266 1121 381 1183 nutrix:

381 1210 414 1268 in
435 1218 559 1287 tempere
580 1209 641 1287 ipse
664 1226 757 1269 nemis
778 1212 902 1270 demerit
922 1204 1030 1270 liedes.

178 1291 251 1354 haee
278 1299 311 1355 ut
340 1292 464 1353 fecimus
486 1291 670 1371 disponenda
693 1293 773 1355 inter
795 1309 939 1373 personas
961 1309 1027 1354 esse
1049 1291 1167 1354 eudiees
1188 1311 1253 1354 nen

177 1376 348 1448 ostendunt,
371 1378 423 1455 qui
446 1376 544 1439 emnia
566 1377 620 1439 ista
644 1378 754 1440 nutriei
777 1377 964 1440 continuant
1001 1376 1031 1438 in
1056 1394 1115 1457 quo
1131 1396 1253 1439 rursum

176 1461 238 1525 veri
266 1460 420 1539 vestigium
450 1470 581 1541 apparet
626 1481 693 1524 nam
723 1463 812 1525 vestis
839 1462 1022 1525 mentionem
1053 1468 1120 1525 ante
1139 1482 1166 1525 r.
1189 1464 1252 1527 563

177 1545 355 1609 efferendam
379 1564 444 1607 esse
466 1547 624 1627 persuadet
646 1548 833 1627 grammatica
861 1547 946 1610 ratio.
991 1546 1090 1626 itaque
1115 1547 1255 1611 Deianira

177 1631 318 1712 persentis
339 1631 479 1711 precibus
501 1631 545 1693 sie
565 1633 678 1712 pergit:
724 1631 727 1635 ’

382 1735 461 1778 nune
482 1726 654 1796 desperetur
674 1722 757 1779 eines
776 1728 804 1779 et
825 1722 911 1780 vestie
932 1717 1009 1780 dieat

382 1800 524 1865 Hereudee
539 1813 662 1882 pestem,
689 1802 822 1882 precibus
842 1803 949 1882 sepedo
970 1803 1090 1865 muium.

178 1886 246 1947 dein
268 1886 383 1948 nutrix:

378 1970 495 2052 prelata
515 1974 560 2035 eie
581 1982 623 2034 eet
644 1989 768 2052 pedeque
790 1968 923 2034 Palladia
944 1971 1008 2034 edlu

274 2076 276 2080 ’
383 2055 500 2119 ῑαεοαυῖε
522 2074 634 2118 omnen
657 2068 736 2118 teuta
756 2056 939 2135 [emulemur
960 2075 1090 2119 menum.

383 2145 414 2202 in
435 2150 561 2222 tempere
582 2145 643 2221 ipse
666 2160 759 2203 neves
781 2144 905 2204 deterrit
925 2138 1043 2204 liedes:

383 2226 499 2289 mlunda
520 2231 565 2288 eis
586 2238 627 2288 est
648 2226 723 2298 dire,
746 2244 782 2287 ne
799 2237 919 2306 pateant
941 2226 1002 2289 deit·

179 2328 246 2372 nam
269 2311 312 2372 sie
334 2310 526 2373 novissimum
548 2329 665 2373 versum
688 2310 878 2376 scribendum
901 2329 966 2374 esse
981 2311 1095 2391 pridem
1109 2309 1145 2374 N.
1162 2309 1255 2373 Hein-

179 2395 242 2457 sius
262 2395 373 2457 denuit.

701 2669 731 2728 7.

617 2801 732 2864 Phuen.
754 2803 817 2865 356

383 2922 433 2967 uec
453 2904 504 2967 dee
525 2913 570 2966 eet
590 2916 645 2968 est:
673 2905 748 2985 qued
769 2903 847 2966 dedet
867 2914 900 2966 ut
921 2903 975 2983 fiet
995 2904 1079 2983 assus

384 2991 417 3051 de
437 3008 517 3052 mere
537 3000 644 3063 nestro,
668 2990 742 3070 pseud
762 3006 838 3052 meos
860 2989 953 3052 desem
974 3000 1061 3061 tores,

383 3076 447 3137 date
468 3092 553 3136 erem
571 3078 672 3155 petri:
693 3092 776 3135 nemu
797 3091 843 3136 me
864 3092 902 3135 ee
921 3072 966 3137 die
987 3084 1070 3136 eruet

382 3158 472 3233 dine,
494 3157 585 3221 latebo
606 3163 689 3238 repis
710 3175 810 3220 emesae
832 3177 901 3221 enee
922 3177 948 3220 e.
965 3177 996 3238 q.
1010 3178 1034 3220 s.

178 3247 334 3324 antequam
358 3243 557 3323 corruptelam
579 3261 636 3322 qua
653 3244 684 3304 hi
698 3260 801 3304 versus
816 3243 911 3306 adecti
927 3251 998 3305 sunt
1016 3242 1162 3318 tollamus,
1186 3262 1256 3306 rur·

178 3349 231 3392 sus
250 3321 398 3401 minutum
413 3328 524 3407 aliquid
540 3328 785 3408 perstringemus.
814 3327 964 3391 rarissime
978 3328 1091 3390 scilieet
1105 3327 1256 3391 invenitur

177 3416 267 3478 dietie
289 3413 385 3495 qualis
408 3424 454 3476 est
467 3415 501 3477 de
521 3431 601 3477 mere
621 3425 738 3476 uestra:
761 3431 828 3474 nam
851 3431 920 3477 eum
942 3421 1047 3494 poetae
1068 3431 1173 3475 emnes
1194 3414 1255 3475 ire·

179 3508 306 3582 quenter
320 3499 419 3562 disant
434 3500 467 3561 de
480 3516 568 3571 mere,
587 3503 702 3579 patriae
715 3499 749 3561 de
761 3515 851 3576 mere,
873 3517 953 3563 mere
967 3498 1074 3580 etipse,
1089 3503 1121 3560 in
1134 3516 1254 3575 meren,

178 3591 211 3648 iu
231 3604 340 3648 meren
361 3584 499 3667 aliquem,
521 3593 619 3646 tamen
641 3583 737 3664 etipse
760 3585 794 3645 de
814 3602 893 3647 mere
915 3592 944 3647 et
965 3583 1057 3646 ritant
1077 3583 1255 3663 plerumque

179 3678 208 3733 et
228 3672 291 3733 iere
314 3689 376 3733 nen
399 3679 546 3750 usurpent
568 3669 626 3731 nisi
648 3670 679 3730 in
702 3667 841 3749 epithetis
863 3679 893 3730 et
906 3668 979 3749 ipsis
994 3667 1086 3730 muris
1101 3669 1254 3730 notionem

178 3756 418 3831 continentibus,
449 3754 546 3835 qualia
575 3761 646 3816 suut
672 3753 774 3816 solitae
798 3758 915 3834 patratu
943 3753 1059 3815 similia.
1103 3761 1191 3834 atque
1221 3760 1255 3814 ut

179 3858 356 3921 eempeuam
378 3857 583 3920 quaecumque
604 3838 683 3918 apud
706 3846 809 3918 poetas
829 3838 902 3900 mihi
928 3848 1141 3912 decurrerunt,
1170 3835 1255 3900 sedite

180 3923 212 3984 de
233 3942 313 3987 mere
344 3924 443 3986 dixere
464 3925 551 4002 Verg.
575 3925 649 3986 den.
673 3921 741 3997 vll,
763 3925 823 3986 357
854 3923 936 3987 selice
960 3935 1090 3987 metrum
1111 3924 1146 3985 de
1166 3939 1254 3995 more,

180 4006 252 4067 Stat.
267 4006 412 4084 Thenii,
436 4009 497 4072 829
520 4007 603 4070 solite
624 4018 723 4070 eutem
746 4008 889 4082 demere,
919 4007 1149 4089 suv.1v,4‚1u
1170 4006 1255 4070 aetite
