2790 4494
500 1063 660 1125 OEDIPVS

154 1178 161 1190 '
234 1180 319 1245 Caeci
340 1182 472 1263 parentis
494 1183 626 1260 regimen
649 1193 678 1244 et
699 1183 768 1246 lessi
792 1185 916 1248 unicum

148 1267 248 1330 lateris
270 1268 411 1342 levamen,
434 1276 511 1342 nata,
535 1286 623 1347 quam
646 1268 720 1329 tanti
742 1278 786 1330 est
807 1270 879 1332 mihi

148 1354 287 1432 genuisse
311 1353 355 1414 vel
377 1353 430 1429 sic,
453 1352 557 1415 desere
578 1353 740 1415 infaustum
763 1362 886 1434 patrem.

148 1438 178 1499 in
201 1447 281 1500 recta
303 1438 373 1518 quid
396 1438 527 1501 deflectis
549 1448 696 1501 errantem
718 1438 864 1517 gradum?

147 1524 284 1603 permitte
307 1522 381 1599 labi;
404 1523 510 1584 melius
533 1523 680 1585 inveniam
701 1524 787 1600 viam,

148 1627 236 1688 quam
259 1627 380 1689 quaero,
403 1609 494 1682 solus,
518 1627 594 1687 quae
615 1626 663 1670 me
684 1609 720 1669 ah
742 1608 798 1671 hac
819 1610 876 1672 vita
900 1612 1030 1674 extrahat

148 1701 178 1754 et
198 1694 256 1755 hoc
280 1694 398 1755 nefandi
421 1694 525 1773 capitis
547 1703 667 1773 aspectu
693 1694 771 1755 levet

148 1778 260 1840 caelum
282 1786 371 1859 atque
392 1789 496 1840 terras.
541 1779 716 1858 quantulum
739 1779 793 1840 hac
815 1780 863 1859 egi
885 1780 999 1843 manu?

80 1902 96 1917 ι
148 1882 209 1925 non
231 1865 316 1925 rideo
338 1882 432 1925 noxae
454 1865 608 1926 conscium
631 1874 749 1926 nostrae
774 1864 862 1941 diem,

42 1994 44 1997 -
148 1948 199 2009 sed
221 1950 331 2011 videor.
375 1948 446 2010 hinc
468 1949 524 2010 iam
546 1949 626 2010 solve
648 1949 852 2012 inhaerentem
874 1971 995 2014 manum

148 2043 178 2094 et
198 2045 300 2113 patere
323 2052 442 2095 caecum
465 2053 521 2114 qua
544 2034 621 2095 volet
643 2033 714 2095 ferri
736 2035 852 2113 pedem.

148 2118 208 2194 ibo,
230 2120 280 2181 ibo
304 2138 360 2199 qua
382 2126 541 2200 praerupta
563 2119 714 2199 protendit
735 2121 804 2198 iuga

146 2222 231 2266 meus
254 2202 420 2278 Cithaeron,
444 2223 502 2283 qua
525 2212 678 2284 peragrato
702 2205 780 2266 celer

147 2307 202 2369 per
223 2308 291 2351 saxa
312 2299 413 2351 monte
434 2289 526 2351 iacuit
548 2293 677 2352 Actaeon
699 2290 761 2350 suis

146 2393 221 2435 nova
243 2374 350 2455 praeda
373 2373 505 2450 canibus,
529 2393 587 2453 qua
610 2393 663 2454 per
685 2374 845 2436 obscurum
868 2393 973 2438 nemus

61 2464 64 2469 ‘
147 2459 307 2539 silvamque
329 2478 438 2538 opacae
459 2459 542 2521 vallis
564 2460 719 2522 instinctas
741 2461 797 2522 deo

147 2545 207 2625 egit
228 2563 346 2607 sorores
368 2555 460 2606 mater
482 2555 511 2606 et
533 2545 663 2623 gaudens
685 2545 761 2605 malo

145 2629 278 2691 vibrante
298 2631 389 2690 finum
412 2630 552 2710 praetulit
574 2631 674 2711 thyrso
697 2639 802 2719 eappt;

145 2715 192 2776 vel
214 2733 272 2794 qua
295 2715 434 2790 cucurrit,
459 2734 568 2794 corpus
590 2715 711 2777 inlisum
733 2714 862 2789 trahens,

146 2799 229 2860 Zethi
251 2800 403 2875 iuvencus,
427 2818 484 2879 qua
506 2819 560 2881 per
581 2801 738 2861 horrentes
761 2798 852 2861 rubos

144 2886 223 2945 tauri
244 2886 351 2946 ferocis
373 2886 493 2964 sanguis
516 2885 646 2946 ostendit
666 2884 768 2963 lugas3

145 2969 192 3030 vel
214 2988 272 3048 qua
294 2970 350 3031 alta
372 2971 462 3031 maria
483 2970 594 3032 verlice
615 2971 760 3031 immenso
782 2968 891 3048 premit

144 3053 225 3115 lnoa
239 3073 339 3135 rupes,
362 3073 420 3134 qua
443 3055 540 3117 scelus
562 3055 679 3133 fugiens
702 3072 810 3117 norum

145 3157 315 3219 novumque
336 3140 448 3201 faciens
470 3149 564 3202 mater
585 3139 700 3201 insiluit
720 3141 795 3201 lreto

144 3241 278 3286 mersura
303 3232 402 3286 natum
425 3243 577 3304 seque-
602 3224 703 3287 felices
730 3223 838 3305 quihus

144 3309 264 3369 fortuna
286 3309 392 3371 melior
412 3318 471 3371 tam
494 3310 586 3372 bonas
608 3320 716 3372 matres
738 3310 827 3371 dedit.

231 3491 431 3547 PHOENlSSAE
448 3495 473 3545 Ε
507 3494 644 3547 rflnssnts
662 3496 687 3545 A
722 3494 895 3558 onnlevsg

230 3679 342 3715 scaenae
359 3666 518 3716 inscribitur·
536 3662 649 3731 Oedipus
664 3664 795 3731 Antigona
848 3667 860 3716 1
881 3666 914 3726 et]
933 3662 999 3714 acA
1052 3663 1067 3713 2
1085 3660 1164 3727 patris
1181 3659 1218 3711 le·

144 3743 237 3782 vamen
247 3731 323 3784 codd.
335 3736 456 3783 correxit
467 3730 617 3783 Gronomm
652 3733 774 3784 8haecld
811 3729 1012 3797 iaperagmtin
1047 3729 1218 3782 ldmontisA

146 3800 178 3850 16
196 3799 315 3851 instincta
333 3800 358 3851 Ε
427 3803 459 3853 18
477 3804 548 3866 tryso
565 3799 591 3850 Ε
616 3800 707 3868 thyrso
724 3800 845 3867 praetulit
860 3797 940 3850 fixum
957 3799 983 3849 A
1053 3800 1084 3850 19
1107 3797 1219 3848 invisum

145 3866 221 3918 codd.
241 3872 351 3919 corrosor·
367 3868 412 3934 (os.
430 3886 456 3921 n.
474 3869 518 3932 96)
588 3871 620 3921 20
643 3868 702 3921 Ethi
719 3869 752 3920 Ε.
770 3897 805 3908 ·-
825 3867 985 3919 iuventnsA
1055 3869 1087 3919 21
1106 3870 1220 3917 ostentat

145 3934 344 3988 coddcorreoei
395 3938 428 3989 22
447 3937 550 3989 victrice
566 3936 591 3987 E
643 3940 676 3991 23
693 3937 790 4004 lneque
807 3951 930 4003 praeceps
947 3936 972 3985 A
1007 3933 1090 3986 Minor
1106 3934 1176 4001 rupis
1194 3932 1219 3983 Ε

146 4007 268 4055 conenit
287 4003 445 4056 Gronovius.
465 4034 497 4042 -·
514 4005 616 4072 lugiens
636 4020 710 4058 suum
729 4004 806 4057 codd.
824 4009 945 4055 correxit
962 4003 1090 4070 Peiperur

197 4097 293 4139 Senecae
305 4097 430 4150 tragoediae
443 4096 471 4138 II.
999 4106 1015 4157 6
