2648 4478
172 188 213 250 76
594 203 632 244 nn
653 201 825 245 rsonmssrs.

173 357 298 419 alienam
319 354 497 417 Phoenissas
519 353 642 415 inscribi
664 371 752 432 aegre
773 352 873 414 ferens
888 351 1038 414 Thebaida
1057 352 1088 413 in
1104 352 1254 414 eliminati
1321 348 1322 427 ξ

173 441 252 504 tituli
282 441 381 501 locum
409 439 568 501 succedere
595 438 695 513 iussit,
725 439 852 500 Statium
882 447 1012 500 secutus.
1057 438 1136 500 inter
1158 439 1254 500 ltalos
1321 440 1322 505 l

174 527 226 606 qui
248 525 416 592 subtiliores
438 532 594 587 essent-
610 523 671 584 sive
694 541 795 584 errore
812 522 891 584 haud
907 522 1089 603 infrequenti
1105 524 1255 586 accidisse
1321 534 1322 609 J

172 611 246 672 illud
268 611 427 673 statuis-
444 628 482 670 nc
505 627 540 669 eo
563 608 682 686 quidem
705 608 838 669 contenti
861 607 1006 687 Oedipum
1029 616 1063 670 ut
1083 609 1196 688 primas
1212 608 1253 669 ab
1321 634 1322 639 ¹

173 696 258 756 initio
281 705 380 774 partes
402 699 537 773 agentem
560 693 787 770 substituerunt,
810 693 928 772 quidam
945 699 1013 773 post
1031 694 1077 754 vel
1092 701 1160 755 ante
1175 695 1254 755 alte·

174 798 238 842 ram
260 779 407 858 Oedipum
430 778 659 851 conlocavere.²l

260 864 369 945 quibus
390 874 522 924 veterum
545 871 575 924 et
596 862 760 923 recentium
779 861 930 923 erroribus
949 861 1076 941 cognitis
1092 863 1142 941 qui
1158 879 1253 923 accu-

173 950 266 1012 ratius
288 950 320 1011 in
341 950 446 1009 harum
468 965 643 1009 scaenarum
664 956 799 1008 naturam
821 946 961 1026 inquirat,
987 949 1024 1009 de
1046 956 1151 1026 poetae
1174 965 1253 1007 con-

169 1036 240 1107 silio
263 1034 396 1097 nandum
418 1033 532 1112 prolata
554 1051 619 1094 esse
637 1031 790 1110 intelleget
805 1032 836 1092 in
852 1032 961 1111 quibus
975 1032 1125 1111 adquiesci
1140 1031 1251 1111 possit.

174 1120 282 1182 etenim
298 1116 366 1180 'sive
387 1118 548 1180 solidarum
570 1136 619 1178 eas
640 1117 856 1195 tragoediarum
879 1116 1020 1195 reliquias
1041 1118 1103 1178 sive
1123 1116 1251 1178 incoha-

173 1213 270 1266 tarum
293 1202 454 1284 primordia
476 1202 601 1276 dixeris,
631 1220 725 1281 aeque
747 1200 865 1262 dllhcile
887 1202 943 1263 erit
965 1203 1004 1262 ita
1026 1221 1075 1263 aas
1095 1201 1141 1263 vel
1164 1201 1251 1280 cogi·
1321 1220 1322 1287 j

173 1289 263 1351 tando
284 1288 425 1368 supplere
454 1295 487 1348 ut
515 1286 682 1365 tragoediae
703 1287 835 1348 Senecae
857 1288 960 1348 saltem
981 1287 1092 1349 similes
1114 1286 1251 1348 eradant.
1321 1290 1322 1293 ’

258 1374 290 1434 in
312 1373 461 1453 tragoedia
484 1372 612 1451 primum
629 1379 674 1432 est
687 1380 722 1433 ut
735 1372 772 1433 de
786 1372 915 1433 externis
930 1372 1021 1433 rebns
1036 1390 1111 1452 quae
1126 1371 1252 1452 quidem

173 1459 209 1520 ad
232 1458 464 1537 intellegendum
486 1465 694 1532 argumentum
712 1457 896 1518 necessariae
911 1458 980 1531 sint,
1003 1459 1161 1537 spectatori
1177 1457 1255 1519 inde
1321 1454 1322 1533 ζ

174 1545 209 1605 ab
225 1544 310 1605 initio
326 1543 399 1603 nihil
415 1542 509 1622 possit
524 1543 647 1603 dubium
662 1560 737 1603 esse.
765 1542 837 1603 haec
851 1543 899 1603 lcr
913 1541 1054 1604 Romanis
1070 1561 1131 1603 nnn
1146 1543 1252 1605 minus
1321 1550 1322 1573 ³

174 1630 284 1709 scripta
307 1637 352 1690 est
374 1646 460 1707 quam
476 1628 606 1703 Graecis,
629 1645 757 1705 quorum
778 1627 810 1687 in
833 1626 970 1707 personis
988 1628 1154 1689 indicandis
1173 1645 1251 1690 con·
1321 1620 1322 1629 ’

174 1715 363 1776 suetudinem
386 1713 499 1774 Seneca
528 1714 591 1774 lere
618 1720 716 1785 tenet;
747 1720 780 1772 ut
807 1713 863 1773 hac
886 1713 987 1773 saltem
1010 1730 1045 1773 ex
1067 1719 1150 1792 parte
1172 1713 1253 1775 nihil

174 1799 272 1861 obstet
293 1798 454 1877 quominus
476 1793 541 1858 eins
563 1796 676 1858 tabulas
698 1798 729 1857 in
753 1796 876 1877 pulpitis
890 1797 1063 1877 apparuisse
1082 1799 1253 1874 credamne,

174 1903 231 1964 qua
255 1884 291 1945 de
313 1901 346 1943 re
368 1882 491 1943 omnino
513 1900 575 1943 non
590 1882 654 1943 iure
669 1881 828 1943 dubitatur.
858 1883 961 1943 ecdem
977 1890 1099 1961 spectat,
1121 1882 1151 1945 id
1166 1884 1253 1962 qued

174 1968 267 2047 magis
290 1969 377 2028 etiem
399 1986 416 2027 e
441 1976 544 2029 natura
566 1967 609 2027 rei
632 1984 821 2045 consequens
843 1977 902 2043 est,
925 1978 958 2028 ut
980 1968 1016 2029 de
1041 1969 1107 2028 loco
1127 1970 1163 2029 ‘in
1187 1988 1251 2048 quc

173 2054 271 2114 labula
293 2059 396 2130 agatur
418 2052 514 2113 statim
537 2052 574 2113 ab
595 2052 681 2113 initio
705 2059 830 2113 constet.
875 2060 904 2112 et
925 2052 1003 2130 apud
1025 2053 1153 2115 Graecos
1179 2054 1249 2133 qui·
1321 2090 1322 2117 3

174 2138 240 2199 dem
269 2136 402 2198 omnium
430 2138 561 2216 primum
587 2136 661 2198 illud
689 2144 749 2198 est:
785 2133 909 2216 χθονὸς
936 2134 996 2216 μὲν
1025 2133 1058 2212 ἐς
1086 2136 1249 2221 τηλουρὸν
1321 2160 1322 2215 j

173 2216 292 2304 ἥκομεν
329 2221 448 2294 πέδον,
484 2217 617 2303 Σκύθην
653 2218 687 2296 ἒς
715 2213 820 2300 οἶμον.
875 2216 968 2296 τίνας
994 2218 1120 2302 χώρους
1148 2216 1250 2308 daty—
1321 2238 1322 2303 ἴ

173 2297 403 2389 μεθ’ἢτίνων
427 2299 554 2386 ἀνδρῶν
577 2303 696 2385 πόλιος
722 2310 839 2383 Φθίας
861 2306 897 2370 δὲ
917 2306 1020 2388 τῆσδε
1039 2307 1094 2371 καί
1117 2306 1250 2384 πόλεως
1321 2338 1322 2391 3

177 2386 373 2473 Φαρσαλίοις
396 2389 553 2475 ξύγχορτα
576 2387 658 2455 ναίω
681 2392 799 2470 πεδία,
831 2400 861 2453 et
888 2411 963 2471 quae
985 2394 1049 2455 eius
1072 2394 1191 2472 generis
1215 2413 1250 2456 err
1321 2398 1322 2403 ’

175 2478 305 2541 cuiusvis
327 2477 494 2555 tragoediae
512 2495 633 2555 graecae
649 2478 769 2539 exordio
784 2478 815 2538 in
831 2484 931 2539 mente
946 2477 1045 2540 hahes.
1077 2497 1250 2559 nonaeque

174 2563 267 2643 viguit
289 2562 419 2624 Senecae
441 2581 511 2624 aevo
534 2562 694 2624 necessarii
709 2571 738 2625 et
753 2563 854 2623 decori
869 2581 992 2637 sensnm
1015 2582 1074 2643 (pro
1088 2563 1122 2625 flt
1137 2573 1170 2625 ut
1185 2580 1249 2626 non

174 2648 287 2727 ubique
317 2647 434 2708 disertis
463 2647 558 2708 verbis
581 2647 679 2708 lccum
702 2648 829 2709 actionis
849 2647 901 2708 ille
920 2648 1017 2709 statim
1039 2649 1070 2708 in
1092 2649 1178 2710 initio
1201 2649 1251 2710 in·

57 2745 59 2749 ’
118 2796 121 2800 Α
173 2733 267 2808 dicet3
290 2733 340 2793 sed
363 2733 457 2811 prima
480 2750 587 2793 scaena
609 2750 755 2811 nusquam
777 2733 931 2813 peragitur
952 2734 1027 2811 quin
1049 2733 1165 2794 deloco
1182 2751 1249 2795 cer·
1321 2708 1322 2793 ί

174 2819 266 2880 tiores
281 2818 349 2879 facti
364 2817 473 2878 simus:
497 2816 544 2877 lli.
559 2820 609 2881 20.
632 2816 706 2897 Thy.
719 2820 769 2881 24.
793 2816 901 2879 Phaed.
914 2821 944 2880 4.
970 2819 1043 2880 Oed.
1058 2820 1109 2880 42.
1133 2817 1204 2880 Tro
1219 2822 1248 2881 4.

173 2904 249 2966 bled.
267 2905 319 2966 35.
349 2903 402 2981 dg.
419 2906 448 2967 6.
475 2903 507 2964 in
528 2902 644 2964 Octavia
667 2920 788 2981 quoque
809 2904 850 2966 38
865 2920 909 2981 sq.
933 2921 1037 2964 scaena
1060 2902 1250 2965 describitur.

258 2988 369 3049 frustra
390 3006 470 3063 vero,
492 2988 517 3047 si
539 2986 768 3049 Phoenissarum
791 2988 915 3066 primam
938 3006 1074 3049 scaenam
1095 2988 1250 3067 inspicias,
1317 2988 1322 3037 l

174 3073 211 3133 de
232 3072 300 3133 loco
321 3071 438 3133 edoceri
461 3072 564 3151 cupies
586 3072 617 3133 in
640 3091 700 3151 quc
723 3073 915 3152 conloquium
942 3074 1089 3152 Oedipum
1111 3072 1191 3134 inter
1219 3081 1249 3135 et
1321 3102 1322 3147 l

174 3156 263 3218 filiam
277 3155 428 3223 habeatur.
457 3155 584 3217 Athenis
598 3154 727 3218 dixeris?
742 3158 793 3220 sed
810 3158 846 3219 de
861 3158 904 3219 eis
920 3176 958 3219 ne
973 3157 1094 3220 verbum
1110 3157 1248 3237 quidem3
1321 3172 1322 3225 l

173 3260 211 3303 an
234 3238 367 3305 Thebis?
389 3241 441 3302 sed
457 3241 590 3315 exulant3
613 3243 645 3302 in
661 3240 835 3304 Cithaerone
852 3240 965 3323 igitur?
987 3244 1039 3305 sad
1057 3261 1092 3304 eo
1109 3241 1247 3303 tendunt
1320 3240 1322 3315 j

174 3342 245 3404 ergo
266 3326 340 3406 ipsi,
368 3327 509 3405 qnoniam
531 3335 618 3407 poeta
640 3327 739 3388 dicere
760 3327 871 3389 oblitus
891 3337 953 3399 cst,
975 3327 1073 3389 locum
1095 3327 1248 3406 indagahi-

173 3429 256 3485 mns3
278 3429 335 3473 nec
356 3410 474 3472 difficile
496 3420 542 3473 est
562 3411 597 3471 ad
613 3412 844 3492 intellegendum
862 3413 958 3493 qualis
975 3412 1017 3475 illi
1034 3422 1101 3475 ante
1117 3412 1248 3474 animum
1321 3416 1322 3423 ’

173 3497 255 3575 regio
277 3503 389 3559 versata
410 3496 457 3557 sit.
502 3497 617 3575 inspice
638 3515 665 3558 v.
689 3502 723 3560 5:

260 3662 282 3729 2)
300 3663 331 3715 cl·
347 3662 430 3715 llerm.
450 3662 471 3715 x
490 3678 515 3732 p.
533 3665 584 3716 436
602 3663 660 3715 adn.
679 3669 779 3782 praeter
795 3663 874 3717 libros
891 3665 927 3716 ihi
946 3663 1045 3716 adlatos
1060 3656 1190 3731 ‘Oedipus'
1210 3662 1247 3713 in·

173 3731 291 3784 scribitur
308 3731 334 3782 in
353 3732 410 3784 cod.
427 3731 509 3799 Neap.
527 3732 560 3782 lV
577 3731 598 3783 ll
617 3735 650 3784 42
669 3734 677 3796 l

173 3798 247 3851 deest
260 3794 388 3853 ‘Thebais'
410 3805 440 3853 nt
455 3800 493 3851 ait
508 3799 644 3852 lennellins
665 3803 731 3865 193).
760 3800 872 3867 Oedipus
889 3801 915 3851 in
928 3772 1066 3852 Thebaidls
1084 3800 1170 3852 locum
1187 3812 1247 3850 cen·

172 3867 258 3931 cessit,
276 3865 387 3919 'l'hehels
404 3867 430 3919 in
449 3866 539 3933 Oedipi
556 3869 582 3919 in
601 3868 656 3920 cod.
669 3867 791 3920 Vaticano
811 3871 875 3922 1641
894 3868 922 3932 (l.
934 3885 969 3921 m.
985 3869 1162 3932 1399-1392)
1179 3872 1246 3919 han·

174 3934 269 4000 scripte
288 3949 319 3984 ex
337 3934 395 3986 cod.
413 3934 486 3986 Lacr.
504 3938 546 3997 37,
565 3940 581 3989 6
598 3937 633 3999 (r.
653 3953 678 4002 p.
695 3939 747 4002 42l
783 3937 832 3990 alid
849 3937 934 3989 sciens
952 3937 1050 3988 omitto.
1156 3994 1170 4045 x

690 3769 696 3782 .
714 3748 749 3784 m.
769 3733 822 3786 llll.
849 3733 954 3785 lennelli
975 3735 1036 3785 192·
1054 3732 1088 3784 lv
1106 3731 1127 3782 b
1144 3734 1177 3784 43
1195 3744 1247 3781 nnn
