2652 4486
571 277 687 320 OCTAVlA

82 434 193 507 erepta
215 426 330 506 pelago,
354 427 499 505 sanguine
521 428 631 490 extinxi
653 447 719 490 meo

83 530 148 573 nec
172 511 238 573 odia
262 512 338 573 nati:
363 511 453 574 saevit
474 512 505 573 in
529 532 637 576 nomen
660 514 742 576 ierus

81 597 194 658 matris
217 604 370 676 tyrannus,
394 597 481 658 obrui
503 599 640 660 meritum
665 599 756 679 cupit,

84 682 258 757 simulacra,
280 682 382 744 titulos
405 682 530 746 destruit
552 685 653 746 matris
675 693 754 747 metu

83 776 187 830 totum
209 786 264 847 per
287 767 389 830 orbem
411 786 500 848 quem
523 769 601 830 dedit
623 788 749 850 poenam
772 768 803 831 in
827 788 919 832 meam

83 870 187 934 puero
210 853 374 933 regendum
397 862 499 915 noster
520 853 622 916 infelix
644 873 735 917 amor.

85 939 239 1000 extinctus
262 938 382 1000 umbras
404 938 493 1018 agitat
515 938 641 1002 infestus
663 959 742 1003 meas

84 1024 276 1103 flammisque
299 1023 403 1086 vultus
418 1025 523 1086 noxios
547 1026 677 1087 coniunx
699 1026 782 1106 petit,

85 1110 191 1184 instat,
213 1109 352 1185 minatur,
375 1111 500 1189 imputat
522 1109 614 1172 fatum
636 1110 707 1172 mihi

83 1194 298 1274 tumulumque
322 1195 392 1270 nati,
415 1195 512 1275 poscit
534 1203 684 1258 auctorem
707 1196 799 1258 necis.

84 1280 146 1341 iam
169 1298 274 1360 parce:
299 1279 425 1356 dabitur,
447 1289 565 1360 tempus
587 1281 665 1342 haud
687 1281 809 1359 longum
833 1289 912 1362 peto.

84 1364 180 1427 ultrix
204 1365 311 1444 Erinys
334 1365 425 1446 impio
448 1366 570 1445 dignum
595 1376 676 1447 parat

85 1449 180 1513 letum
204 1460 339 1531 tyranno,
361 1450 481 1512 verbera
504 1460 535 1513 et
555 1461 671 1532 turpem
694 1451 793 1532 lugam

83 1553 261 1616 poenasque
284 1535 351 1616 quis
374 1543 403 1598 et
424 1536 538 1598 Tantali
562 1537 659 1600 vincat
681 1537 770 1612 sitim,

86 1620 187 1682 dirum
210 1620 341 1684 laborem
363 1621 492 1702 Sisyphi,
515 1621 591 1702 Tityi
614 1622 712 1684 alitem

84 1705 260 1786 Ixionisque
282 1706 413 1768 membra
436 1707 600 1787 rapientem
622 1716 726 1768 rotam.

87 1790 160 1861 licet
182 1798 296 1853 extruat
318 1792 515 1855 marmoribus
537 1801 626 1873 atque
647 1811 720 1855 auro
745 1801 821 1871 tegat

85 1876 236 1956 superbus
259 1878 364 1951 aulam,
387 1876 476 1939 limen
499 1886 626 1940 armatae
648 1878 732 1939 ducis
865 1950 867 1954 ⁸

86 1970 205 2024 servent
228 1961 374 2037 cohortes,
397 1962 493 2025 mittat
514 1963 672 2025 immensas
695 1982 768 2044 opes

87 2048 248 2109 exhaustus
271 2047 362 2125 orbis,
385 2048 536 2129 supplices
559 2049 688 2111 dextram
712 2057 815 2128 petant

86 2132 187 2194 Parthi
210 2142 373 2208 cruentam,
396 2151 487 2212 regna
510 2133 623 2197 divitias
644 2134 755 2196 lerant:

87 2217 185 2280 veniet
206 2218 268 2280 dies
291 2226 469 2299 tempusque
491 2237 550 2298 qno
573 2219 675 2281 reddat
697 2218 759 2280 suis

87 2303 213 2365 animam
238 2312 395 2366 nocentem
417 2303 589 2379 sceleribus,
610 2304 746 2383 iugulum
769 2303 905 2365 hostibus

88 2388 223 2451 desertus
246 2407 280 2450 ac
303 2389 471 2451 destructus
494 2396 523 2450 et
547 2390 661 2451 cunctis
685 2407 786 2468 egens.

86 2473 156 2549 heu,
180 2493 239 2554 quo
260 2473 353 2551 labor,
377 2492 437 2554 quo
459 2481 525 2536 rota
547 2475 717 2537 ceciderunt
741 2471 829 2537 meai

89 2577 148 2638 quo
171 2567 199 2620 te
222 2559 307 2621 furor
328 2559 462 2640 provexit
483 2560 638 2623 attonitum
661 2571 731 2625 tuus

88 2650 118 2705 et
138 2645 205 2719 lata,
229 2653 306 2719 nate,
329 2645 412 2706 cedat
434 2651 468 2706 ut
490 2645 579 2707 tantis
600 2644 683 2707 malis

88 2728 245 2809 genetricis
268 2730 310 2791 ira
334 2748 409 2810 quae
432 2737 483 2792 tuo
506 2729 617 2792 scelere
640 2725 769 2792 occidit?

88 2814 198 2875 utinam
221 2822 378 2895 antequam
401 2824 430 2877 te
452 2816 606 2895 parvulum
628 2815 660 2877 in
683 2815 779 2879 lucent
803 2812 879 2876 edidi

87 2899 214 2980 aluique,
236 2919 337 2963 saevae
360 2908 459 2963 nostra
482 2900 660 2963 lacerassent
681 2901 760 2961 ierac

87 2985 212 3047 viscera:
236 2986 300 3048 sine
323 2985 384 3047 ullo
406 2986 528 3061 scelere,
551 2987 616 3048 sine
639 3003 729 3047 sensu
752 2984 897 3045 innocens

87 3088 169 3131 meus
192 3071 366 3146 occidisses3
389 3071 509 3133 iunctus
531 3080 619 3151 atque
642 3072 768 3132 haerens
790 3068 863 3129 mibi

88 3173 204 3234 semper
225 3156 355 3236 quietam
377 3158 516 3218 cerneres
538 3157 637 3218 sedem
659 3156 797 3229 inferum,

88 3257 209 3320 proavos
232 3251 416 3322 patremque,
440 3241 571 3303 nominis
594 3240 802 3321 magnimos,

89 3343 161 3405 quos
183 3345 265 3388 nunc
289 3327 387 3406 pudor
409 3326 567 3406 luctusque
590 3335 754 3406 perpetuus
777 3333 876 3387 manet

89 3428 121 3472 ex
144 3419 181 3487 te,
205 3412 340 3486 nelantle,
364 3430 471 3493 meque
494 3430 569 3491 quae
591 3412 678 3473 talem
701 3410 764 3473 tuli.

90 3495 156 3574 quill
180 3503 279 3577 tegere
303 3516 385 3559 cesso
408 3498 530 3559 Tartaro
554 3496 650 3559 vultus
671 3515 763 3571 meos,

91 3599 210 3643 noverca
234 3583 364 3644 coniunx
388 3591 480 3644 mater
501 3582 604 3644 infelix
626 3579 722 3644 meis?
1110 3589 1156 3641 645

166 3752 212 3802 641
233 3750 323 3801 mortis
339 3754 410 3801 metu
427 3750 504 3802 codd.
523 3752 642 3801 correcte
657 3748 835 3801 Buechelerua
886 3750 935 3802 645
953 3761 1004 3813 que
1023 3761 1073 3798 om.
1088 3744 1157 3799 rob

85 3820 131 3870 bl'l
149 3821 167 3872 t.
186 3818 256 3870 nasci
275 3817 322 3869 OD
340 3823 357 3870 t.
375 3817 464 3871 ulcisci
483 3818 504 3881 Q
563 3820 612 3871 616
631 3822 693 3885 puto
711 3817 757 3882 LQ
774 3818 857 3882 (vulg,
875 3832 899 3867 o.
918 3817 946 3881 l.)
1001 3817 1050 3868 626
1068 3829 1156 3867 cruen-

86 3890 134 3937 tam
151 3886 180 3936 M
196 3885 334 3938 ementart
351 3887 481 3938 cruentiO
533 3888 581 3939 631
601 3884 928 3939 et-acznhneorrd
979 3886 1037 3937 665.
1048 3886 1097 3936 636
1116 3886 1156 3934 4η-

85 3969 155 4005 verru
174 3953 307 4006 ordinaN
373 3958 424 4009 636
441 3953 554 4006 leniuit
615 3957 664 4008 639
683 3953 850 4018 mansion]
869 3966 967 4006 mecum
986 3951 1034 4003 [ab
1053 3952 1117 4017 (Qu.
1128 3952 1156 4018 1.)

85 4025 131 4077 646
148 4021 208 4075 sede
225 4025 250 4072 Σ
302 4025 349 4075 644
369 4038 420 4090 qne
438 4022 544 4075 om.20
596 4025 646 4076 644
664 4037 715 4091 non
732 4026 817 4089 tegere
833 4025 856 4073 Φ
874 4020 907 4087 (Q
925 4022 997 4088 ortlg.
1016 4036 1039 4074 υ.
1051 4021 1078 4084 t]
