2790 4494
187 216 228 279 36
567 233 595 274 n.
618 231 724 275 ennam
746 231 874 275 sennem

187 391 340 464 perempta
361 383 501 446 coniunx.
545 382 612 463 quis
634 382 730 462 Lycus
752 400 877 462 regnum
900 383 1015 446 obtinet

187 468 314 531 Hercule
336 465 477 530 reverso?
520 468 656 548 quisquis
677 467 786 529 Ismeni
808 466 882 542 loca,

187 554 293 616 Actaea
316 553 452 633 quisquis
473 572 556 627 arva,
579 552 630 633 qui
653 549 771 631 gemino
794 553 867 614 mari

187 639 302 720 pulsata
323 637 443 718 Pelopis
465 657 556 718 regna
578 637 715 700 Dardanii
738 637 821 712 colis,

188 741 347 800 succurre,
375 742 476 785 saevae
499 724 588 786 cladis
610 731 761 786 auctorem
782 722 889 785 indica.

188 817 255 870 ruat
276 809 319 870 ira
341 809 373 870 in
396 828 516 871 omnes:
548 808 642 871 bostis
665 818 710 870 est
731 807 866 888 quisquis
889 808 961 869 mibi

188 913 251 955 non
273 902 416 956 monstrat
437 894 563 956 hostem.
604 895 699 956 rictor
721 893 849 969 Alcidae,
871 891 965 956 lates?

188 979 334 1060 procede,
357 998 410 1041 seu
432 987 465 1041 tn
487 979 616 1041 vindicas
639 996 745 1040 curms
760 986 867 1047 ¹truces

189 1063 312 1126 Thracis
334 1065 450 1125 cruenti
473 1064 533 1126 sive
556 1062 710 1144 Geryonae
731 1082 825 1143 pecus

190 1148 332 1229 Libyaeve
355 1149 506 1224 dominos,
536 1148 617 1210 nulla
638 1148 791 1229 pugnandi
814 1166 896 1210 mora
919 1157 971 1210 est.

190 1250 228 1295 cu
251 1234 350 1296 nudus
372 1243 452 1307 asto;
481 1234 525 1296 vel
547 1234 621 1295 meis
643 1234 733 1295 armis
753 1234 823 1296 licet
913 1262 918 1267 ¹

189 1326 272 1399 petas
294 1319 447 1381 inermem.
491 1338 545 1381 cur
566 1337 649 1380 meos
671 1319 807 1381 Theseus
831 1320 862 1381 iu
884 1319 908 1380 it

189 1412 332 1484 paterque
354 1401 475 1466 vultus?
498 1422 548 1465 ora
572 1422 625 1466 cur
648 1404 781 1466 condunt
802 1338 883 1466 suad

190 1489 304 1551 differte
325 1490 428 1565 fletus3
458 1489 525 1569 quis
547 1508 628 1551 meos
651 1489 765 1551 dederit
786 1490 851 1551 neci

191 1592 295 1636 omnes
317 1575 421 1648 simul,
444 1574 562 1655 profare
584 1609 625 1619 —
648 1573 736 1654 quid,
758 1574 890 1654 genitor,
913 1570 1004 1636 siles‘i

190 1667 220 1721 at
241 1668 273 1721 tu
296 1660 365 1735 ede,
389 1660 524 1735 Theseu,
547 1658 598 1722 sed
620 1666 686 1734 tua,
708 1659 843 1734 Theseu,
865 1660 931 1721 tide.

191 1753 317 1825 uterque
337 1745 446 1807 tacitus
468 1763 519 1806 ora
541 1744 713 1826 pudibunda
736 1744 848 1824 obtegit

190 1830 353 1910 furtimque
374 1829 508 1891 lacrimas
530 1830 636 1892 fundit.
681 1830 712 1891 in
734 1829 824 1892 tantis
845 1829 929 1891 maiis

191 1915 262 1993 quid
285 1926 329 1977 est
350 1912 546 1995 pudendum?
590 1913 735 1995 numquid
757 1914 879 1994 Argivae
901 1914 1049 1994 impotens

191 2000 359 2062 dominator
379 1999 478 2075 urbis,
509 2000 652 2080 numquid
676 2000 816 2062 iniestum
839 1999 909 2080 Lyci

191 2085 347 2164 pereuntis
368 2102 473 2164 agmen
497 2085 578 2147 clade
601 2103 656 2147 nos
678 2093 757 2146 tanta
780 2082 901 2147 obruit?

191 2188 246 2250 per
267 2178 296 2232 te
318 2187 452 2233 meorum
474 2169 640 2232 facinorum
661 2170 777 2232 laudem
799 2187 916 2250 precor,

193 2256 326 2334 genitor,
349 2255 453 2335 tuique
475 2255 606 2317 nominis
628 2273 746 2334 semper
767 2255 840 2317 mihi

192 2359 304 2402 numen
327 2340 509 2415 secundum,
537 2341 607 2401 iare.
653 2341 720 2420 quis
741 2340 817 2402 fudit
839 2334 982 2400 domum?
1209 2348 1267 2400 1185

193 2427 241 2487 cni
264 2426 370 2505 praeda
393 2422 494 2486 iacui?
558 2443 644 2485 auru.
689 2423 789 2486 Tacita
812 2424 855 2486 sic
877 2424 983 2486 abeant
1004 2425 1089 2485 mala.

192 2529 276 2572 nunc.
321 2511 358 2570 Vt
379 2509 493 2572 inultus
516 2528 571 2588 ego
597 2507 675 2570 sim?
740 2529 827 2571 nuru.
872 2510 967 2589 Saepe
989 2509 1116 2572 vindicta
1139 2507 1242 2571 obfuit.

192 2614 278 2657 uene.
323 2595 525 2675 Quisquamne
547 2596 648 2673 segnis
670 2602 751 2657 tanta
772 2595 906 2657 toleravit
929 2592 1025 2656 maia?

193 2700 279 2742 nuru.
323 2680 432 2742 Maiora
455 2680 591 2760 quisquis
616 2681 722 2742 timuit.
788 2700 872 2743 nnnc.
917 2679 970 2741 ssis
993 2680 1096 2756 etiam,
1119 2687 1211 2762 pater,

194 2767 353 2845 quicquam
375 2765 473 2826 timeri
495 2764 589 2826 maius
612 2774 661 2827 aut
684 2766 801 2846 gravius
823 2762 945 2846 potest?
1135 2777 1157 2791 ”
1212 2777 1269 2828 1191

193 2870 279 2912 nuru.
325 2850 421 2912 Cladis
443 2859 510 2914 tuae
531 2869 600 2931 pars
623 2851 677 2913 ista
699 2870 787 2931 quam
810 2852 889 2914 nosti
912 2861 1002 2930 quota
1025 2847 1091 2911 est?

194 2955 279 2997 nnnc.
323 2936 474 3014 Miserere,
498 2937 628 3017 genitor,
652 2936 803 3017 supplices
823 2937 914 3000 tendo
937 2952 1051 2998 manus.
1146 2932 1149 2938 “

194 3022 266 3100 quid
288 3018 368 3082 hoc?
412 3040 518 3084 manus
540 3021 650 3102 refugit
670 3056 709 3066 -
734 3021 784 3084 bic
806 3031 885 3084 errat
906 3022 1013 3084 scelus.

195 3105 276 3167 unde
298 3106 347 3167 hic
369 3104 482 3168 cruori
505 3107 574 3186 quid
598 3106 648 3167 illa
669 3106 777 3186 puerili
799 3108 919 3169 madens

195 3190 331 3252 harundo
353 3188 434 3252 leto?
478 3192 569 3253 tincta
590 3191 722 3253 Lernaea
745 3201 790 3253 est
811 3211 884 3254 nece
907 3227 946 3236 -

197 3276 254 3336 iam
277 3276 334 3337 tela
356 3275 439 3337 video
462 3286 573 3339 nostra.
620 3294 681 3337 non
703 3294 813 3355 quaero
836 3296 966 3339 manum.

197 3361 264 3440 quis
286 3360 384 3440 potuit
405 3378 506 3423 areum
528 3362 648 3424 flectere
669 3370 720 3423 aut
742 3379 817 3441 qnae
840 3362 958 3426 dextera

197 3498 402 3509 ...-.-----

197 3564 254 3631 quis
273 3567 343 3614 tenta
362 3560 457 3614 Thebis
474 3564 569 3615 sceiere
587 3563 671 3615 moliri
688 3578 765 3616 ausus
784 3568 824 3616 est
1221 3573 1272 3616 1162
1378 3598 1379 3603 κ

197 3686 402 3697 -ι--ι-ι

273 3761 351 3821 ’1162
370 3766 455 3817 delevi
472 3764 508 3827 cf.
526 3766 540 3816 1
556 3783 583 3833 p.
594 3779 630 3815 vri
696 3770 761 3821 1167
780 3767 910 3824 maturio
928 3766 1011 3819 omnis
1028 3765 1048 3818 E
1110 3770 1175 3820 1170
1193 3766 1272 3819 sirer·
1378 3730 1379 3809 i

199 3845 312 3903 geryone
330 3834 355 3885 E
387 3835 444 3889 sive
462 3833 586 3903 Geryonis
603 3836 629 3887 A
706 3838 771 3888 1115
789 3834 859 3888 deier
876 3835 952 3887 telius
970 3834 996 3886 Ε
1065 3837 1131 3887 1116
1149 3833 1273 3888 omnisid

197 3899 563 4022 ielrbbefflidtfgaeegteaqd'did?
623 3906 688 3957 1188
705 3908 798 3970 potens
813 3903 838 3954 A
901 3906 966 3957 1188
984 3902 1102 3955 tolerabit
1120 3903 1145 3954 Ε
1208 3905 1272 3957 1198
1378 3984 1379 3995 ¹
