2790 4494
515 265 660 310 unacvnns
676 250 805 326 [evenus]

120 427 250 480 teneone
264 416 297 478 in
312 432 399 478 auras
414 417 524 480 editum
540 437 577 480 an
591 436 665 480 vana
679 418 763 480 lruor

122 503 265 583 deeeptus
280 499 407 563 umbra‘l
430 510 502 565 tune
517 501 573 565 es?
615 522 744 584 agnosco
760 513 841 567 toros

121 606 303 667 umerosque
318 595 348 649 et
362 587 419 648 alto
435 588 566 650 nobilem
580 595 687 650 trunco
704 606 839 653 manum..

121 693 207 736 nnuc.
244 672 327 734 Vnde
341 671 407 750 iste,
424 673 550 752 genitor,
566 673 687 752 squalor
702 685 733 736 et
744 674 922 754 lugubribus

123 761 227 822 amiota
243 755 398 819 coniunx?
419 759 499 820 unde
513 767 573 820 tam
587 759 674 823 foedo
690 758 778 822 obsiti

124 844 251 925 paedore
266 840 350 904 nati?
374 861 448 923 quae
464 844 585 907 domum
600 844 697 906 clades
712 843 832 923 gravat?

123 949 210 991 turn.
247 928 340 990 Socer
355 936 399 990 est
413 938 597 1008 peremptus
613 947 703 1008 regna
718 929 851 1010 possedit
864 931 971 1011 Lycus,

124 1023 210 1078 natos
225 1023 378 1094 parentem
393 1014 551 1094 coniugem
568 1014 626 1075 leto
642 1014 726 1094 petit.

122 1117 208 1162 nnnc.
244 1098 362 1177 Ingrata
377 1099 474 1173 tellus,
490 1117 577 1161 nemo
592 1099 629 1160 ad
644 1099 805 1163 lleronleae
825 1101 931 1163 domus
960 1175 963 1181 .

123 1184 231 1248 auxilia
245 1181 347 1245 venit‘l
368 1183 440 1245 vidit
453 1185 512 1245 hoo
525 1192 640 1246 tantum
657 1186 738 1246 nelos

123 1270 264 1332 defensus
280 1266 383 1330 orbis‘l
397 1304 440 1315 -
455 1287 510 1332 our
525 1269 602 1330 diem
617 1278 725 1349 questu
739 1269 827 1333 tero?

121 1362 269 1418 mactetur
282 1353 388 1431 hostia,
402 1355 480 1416 hanc
495 1356 569 1416 lerat
583 1355 676 1417 virtus
694 1365 794 1418 notam

121 1443 233 1519 fiatque
249 1457 383 1500 summus
397 1440 491 1501 hostis
505 1440 624 1502 Alcidae
638 1440 745 1521 Lycus.

123 1526 161 1590 ad
176 1523 372 1586 hauriendum
387 1524 563 1604 sanguinem
577 1525 730 1587 inimicum
744 1526 836 1599 seror,

124 1611 260 1686 Theseu3
276 1609 391 1687 resiste,
407 1629 445 1672 ne
461 1610 575 1690 quavis
591 1611 688 1672 subita
703 1610 831 1690 ingruat

123 1715 173 1757 me
186 1695 264 1757 bella
277 1702 416 1775 poscunt,
432 1694 519 1757 differ
532 1697 694 1776 amplexus,
712 1713 830 1775 parens,

125 1780 317 1861 coniunxque
332 1779 427 1842 differ.
457 1780 577 1843 nuntiet
590 1780 648 1842 Diti
663 1781 760 1860 Lycus

122 1884 173 1929 me
186 1866 245 1928 iam
262 1865 385 1928 redisse.

390 1982 563 2046 THESEUS

453 2086 595 2148 Flebilem
610 2105 645 2147 ex
661 2085 755 2148 oculis
770 2085 849 2164 luga,

124 2172 240 2250 regina,
255 2171 378 2246 vultum,
393 2179 487 2249 tuque
503 2181 571 2234 nato
587 2171 698 2251 sospite

124 2258 261 2319 lacrimas
275 2257 414 2318 cadentes
428 2256 575 2336 reprime:
598 2257 623 2317 si
639 2255 707 2317 novi
722 2254 889 2328 Herculem,

124 2342 224 2424 Lycus
240 2340 360 2403 Creonti
375 2340 487 2403 debitas
505 2360 618 2422 poenas
633 2341 721 2405 dabit.

125 2427 240 2490 lentum
256 2437 302 2488 est
318 2425 412 2488 dabit:
430 2427 494 2502 dat;
510 2428 568 2489 hoo
583 2445 703 2507 quoque
719 2434 764 2488 est
778 2426 906 2487 lentum:
932 2423 1019 2487 dedit.

125 2531 212 2574 suen.
249 2511 357 2572 Votum
372 2512 517 2573 secundet
530 2513 582 2592 qui
597 2519 696 2592 potest
711 2520 846 2573 nostrum
862 2510 935 2572 deus

124 2598 275 2676 rebusque
290 2597 381 2676 lapsis
395 2597 480 2658 adsit.
518 2597 542 2659 Ο
558 2597 658 2676 magni
673 2615 772 2658 eomes

125 2682 314 2762 magnanime
329 2681 401 2758 nati,
416 2681 514 2761 pande
528 2683 670 2744 virtutum
688 2682 832 2758 ordinem,

125 2788 215 2849 quam
229 2768 319 2846 longa
333 2775 460 2828 maestos
476 2768 563 2829 ducat
578 2767 613 2829 ad
630 2785 733 2828 manes
747 2766 802 2841 via,

125 2865 162 2917 ut
175 2852 270 2915 vincla
285 2850 388 2913 tulerit
402 2852 474 2913 dura
490 2853 648 2914 'lartareus
664 2852 754 2913 oanis.

125 2959 208 3002 runs.
238 2937 402 2999 Memorare
417 2937 499 3015 cogis
513 2946 577 2999 acta
594 2955 717 2999 securae
732 2953 853 3016 quoque

123 3022 275 3087 horrenda
289 3022 394 3084 menti.
422 3022 470 3083 vix
484 3023 581 3085 adhuc
596 3031 675 3084 certa
690 3029 734 3083 est
747 3021 821 3083 fides
930 3020 934 3033 ¹

125 3108 224 3172 vitalis
239 3126 336 3183 aurae,
352 3115 451 3187 torpet
465 3109 543 3171 acies
560 3108 708 3170 luminum

126 3194 309 3271 hebetesque
323 3193 404 3255 usus
419 3192 466 3254 vix
480 3193 557 3254 diem
574 3195 724 3255 insuetum
740 3192 849 3254 lerunt.

127 3298 215 3343 nuru.
244 3276 397 3367 Pervince‚
413 3277 541 3353 Theseu,
557 3278 701 3357 quidquid
716 3278 774 3343 alto
789 3277 821 3338 in
836 3282 957 3356 pectore

125 3368 261 3428 remanet
275 3363 392 3443 pavoris
406 3381 481 3426 neve
496 3372 525 3425 te
539 3364 637 3425 fructu
654 3364 766 3442 optimo

126 3450 230 3513 frauda
243 3446 397 3509 laborum=
420 3467 495 3528 quae
510 3448 568 3511 luit
582 3448 690 3510 durum
706 3448 776 3528 pati,

126 3533 298 3598 meminisse
314 3531 401 3595 dulce
416 3541 470 3595 est.
501 3534 564 3595 lare
578 3552 664 3597 casus
679 3533 826 3594 horridos.

214 3806 264 3858 623
282 3817 406 3855 verumne
417 3818 493 3856 cerno
506 3817 600 3871 corpus
610 3816 642 3853 an
654 3800 729 3853 fallor
739 3804 783 3852 tna
798 3802 804 3867 Ι
818 3799 941 3868 deeeptus
952 3798 1061 3852 umbra?
1079 3799 1103 3848 A
1154 3800 1205 3850 634

126 3876 253 3925 mactetur
263 3871 345 3923 hostis
358 3871 436 3926 codd.
446 3874 562 3924 corrant.
571 3899 606 3909 -
614 3869 680 3921 hanc
691 3885 775 3934 usquo
789 3870 826 3921 ad
838 3871 887 3923 636
897 3868 965 3923 letor
978 3866 1075 3919 Timo
1089 3866 1171 3917 datur
1180 3865 1206 3916 A

128 3942 178 4008 646
196 3940 272 3994 lassis
288 3938 315 3991 ll
366 3942 415 3993 651
435 3943 517 3993 certo:
536 3954 551 3991 a
569 3954 604 3991 oro
616 3952 630 3990 e
643 3941 658 3990 1
668 3953 702 3989 m.
713 3937 739 3988 E
790 3939 841 3992 654
857 3934 1106 4005 perrinoetld-in
1120 3934 1205 3985 oonA

128 4011 179 4062 666
195 4014 259 4077 post
276 4011 302 4060 te
320 4007 495 4062 roe.1lit.ll
