2790 4494
557 261 702 305 unaevnns
717 245 847 322 [amum]

288 413 374 474 'ducit
394 411 430 474 ad
452 431 555 474 manes
576 413 621 474 via
641 432 702 493 qua
723 423 855 476 remotus

291 498 385 561 tristis
405 506 436 559 et
456 498 541 575 nigra
562 499 720 561 metuenda
744 499 824 574 silva,

292 581 343 645 sed
366 584 508 662 frequens
529 601 635 663 magna
657 584 815 646 eomitante
836 583 932 646 turha.

369 668 504 740 Quantus
526 669 637 730 incedit
658 669 788 750 pupulas
809 687 864 749 peu
885 669 976 732 urhes

292 751 328 814 ad
350 753 419 814 novi
440 752 527 815 ludos
549 754 650 816 avidus
670 754 789 829 theatri,

293 845 422 917 quantus
443 838 549 900 Eleum
570 839 632 900 ruit
650 841 688 900 ad
711 839 887 914 Tonantem,

293 923 395 1004 quinta
418 941 485 984 eum
507 942 625 986 sacrum
646 925 792 986 revocavit
811 933 925 999 aestas3

293 1018 412 1089 quanta,
436 1027 503 1071 eum
526 1008 632 1088 longae
653 1010 735 1071 redit
751 1009 824 1071 hora
846 1010 927 1070 nosti

293 1111 427 1156 creseere
449 1102 478 1155 et
500 1111 621 1155 somnos
643 1095 768 1175 cupiens
787 1096 907 1174 quietos

292 1179 367 1240 lihra
389 1178 543 1241 Phoebeos
564 1187 646 1240 tenet
666 1198 760 1259 aequa
781 1196 899 1255 eureus,

292 1265 380 1326 turha
402 1272 546 1326 secretam
566 1261 703 1325 Cererem
726 1266 895 1344 frequentat

293 1360 323 1413 et
344 1349 394 1410 citi
416 1349 501 1411 tectis
522 1358 685 1430 properant
706 1349 816 1411 iehetis

293 1435 382 1498 attici
405 1443 523 1497 noctem
546 1434 694 1496 celebrare
714 1444 842 1514 mystae:

292 1527 374 1582 tanta
394 1538 449 1600 pen
471 1537 591 1600 campus
613 1519 711 1599 agitur
731 1520 853 1582 silentes

292 1604 397 1680 turba3
419 1623 489 1684 pars
511 1605 592 1666 tarda
615 1604 748 1683 graditur
766 1612 896 1681 senecta,

292 1690 385 1751 tristis
408 1697 438 1751 et
457 1691 546 1769 longa
568 1689 668 1751 satiata
689 1690 763 1765 vita3

292 1793 362 1855 pars
383 1775 480 1837 adhuc
501 1775 596 1837 sumit
616 1775 746 1837 melioris
768 1774 845 1836 aevi:

292 1861 421 1939 virgines
443 1860 576 1922 nondum
598 1860 731 1922 thalamis
753 1860 869 1938 iugatae

294 1952 322 2008 et
344 1945 437 2007 nemis
460 1946 594 2007 nondum
616 1946 721 2026 positis
744 1944 850 2025 ephebi

292 2031 395 2092 matris
417 2038 447 2092 et
466 2049 578 2092 nomen
601 2032 689 2092 modo
711 2031 825 2116 duetus¹
838 2030 945 2091 inians.

292 2116 340 2176 his
362 2115 463 2177 datum
485 2114 566 2190 solis,
589 2117 689 2178 minus
710 2116 915 2192 mamertem,

293 2201 363 2280 igne
384 2201 515 2281 praelatu
537 2202 667 2264 relevare
689 2209 824 2277 nuetem3

293 2286 382 2348 ceteri
404 2286 514 2348 vadunt
535 2304 591 2367 per
612 2304 703 2367 opaca
725 2286 834 2349 tristes.

294 2371 388 2450 qualis
410 2379 454 2433 est
474 2371 557 2432 vohis
579 2372 705 2447 animus,
728 2379 841 2433 remota

292 2457 360 2518 luce
381 2473 449 2518 eum
470 2463 600 2519 maestus
623 2456 679 2518 sihi
702 2458 829 2537 quisque
852 2454 946 2518 sensit

293 2540 432 2603 obrutum
454 2551 514 2604 tota
537 2555 627 2621 caput
648 2561 713 2605 esse
738 2538 840 2603 terra?
1025 2587 1026 2590 ,

293 2635 349 2688 stat
371 2627 460 2688 chaos
482 2627 607 2689 densum
628 2627 829 2706 tenebraeque
851 2633 954 2706 turpes

293 2719 323 2773 et
344 2711 427 2772 celer
447 2711 544 2773 nouus
566 2713 662 2774 malus
683 2729 718 2773 aa
740 2712 855 2773 silentis

293 2796 386 2858 otium
408 2797 512 2858 mundi
532 2815 700 2877 vacuaeque
722 2797 828 2858 nubes.

368 2882 440 2944 Sera
463 2889 524 2944 nos'
541 2882 591 2944 iilo
615 2884 722 2945 reserat
743 2888 896 2943 senectus:
918 2890 920 2896 '

293 2985 380 3029 nemu
403 2968 438 3029 ad
460 2967 489 3028 id
512 2987 579 3029 sem
603 2968 690 3040 venit,
712 2967 792 3029 unde
817 2982 989 3044 numquam,

292 3069 360 3113 eum
382 3053 474 3114 semel
495 3054 584 3126 venit,
607 3053 705 3132 potuit
726 3052 848 3126 reventi3

292 3137 364 3215 quid
386 3137 465 3199 iuvat
486 3138 594 3199 durum
616 3154 778 3219 paopemne
800 3132 917 3198 satum?

293 3223 389 3284 amnis
410 3223 484 3285 haec
505 3223 620 3302 magnis
641 3240 712 3304 vaga
733 3222 820 3298 tutha
841 3220 930 3283 tertis

292 3306 347 3368 ihit
367 3306 404 3369 ad
422 3307 529 3369 manes
549 3308 696 3388 facietque
718 3308 808 3370 inerti

292 3391 354 3453 vela
377 3392 500 3473 Cocyto:
523 3393 576 3455 tibi
599 3393 705 3455 erescit
726 3411 825 3468 omne,

293 3484 323 3538 et
344 3478 424 3556 quod
446 3496 569 3540 occasus
590 3479 669 3540 videt
691 3486 721 3540 et
742 3478 822 3558 quod
846 3483 929 3538 unus

292 3581 446 3643 -parce
468 3565 600 3627 venturis
623 3599 665 3608 -
685 3563 749 3639 tihi,
772 3580 869 3636 mors,
894 3578 1043 3641 paramur.

162 3698 370 3710 ——u-—n—u-n-

247 3800 383 3855 sensilia
400 3799 536 3853 metuenda
552 3800 627 3866 nigre
645 3802 669 3851 A
738 3802 788 3852 840
805 3798 889 3865 qualis
907 3796 960 3847 ΕΑ
983 3810 1053 3848 eurr.
1065 3798 1092 3860 ς.
1110 3822 1145 3832 -
1162 3793 1243 3845 currit

162 3868 227 3931 (coit
243 3869 423 3934 Aeaaata'mtg
483 3871 534 3922 842
552 3869 635 3921 noetis
652 3868 678 3919 A
739 3869 789 3922 844
806 3864 955 3918 thebeosh'
1015 3865 1066 3916 846
1085 3863 1149 3916 scite
1166 3860 1240 3930 (Sey-
1320 3892 1324 3899 -

163 3935 271 4002 thecis*
330 3940 381 3992 849
398 3935 517 4003 gradiens
534 3937 560 3988 A
605 3939 670 3990 -858
688 3935 762 3988 nobis
779 3935 805 3986 A
821 3935 913 4000 vulgo,
929 3938 962 3999 at
976 3931 1164 3984 matthaeeum
1181 3937 1242 3998 past

163 4004 224 4069 857,
240 4005 332 4068 finalia
348 4010 413 4073 pest
426 4004 479 4059 860
493 4009 622 4072 ponatur.
658 4004 693 4067 af.
711 4003 733 4067 1,
751 4003 787 4057 33
855 4005 906 4057 870
923 3998 1062 4067 arescet&
