2658 4488
514 257 687 299 soluendum

50 431 106 472 nn.
189 407 252 469 Nisi
274 407 350 468 lorte
371 406 466 479 fallor,
488 409 613 469 feminas
634 409 745 469 ferrum
770 408 861 471 decet.

51 514 143 573 cerr.
190 493 227 553 El
249 510 314 554 esse
336 492 457 553 demens
478 501 508 553 te
530 511 630 572 parem
655 493 741 555 nobis
762 492 870 573 putas?

52 601 107 642 un.
190 574 303 643 Vobis?
337 579 404 656 quis
426 578 481 638 iste
505 587 549 641 est
570 579 643 639 alter
666 580 867 657 Agamemnon
889 576 982 641 tuus?

53 675 93 728 ut
116 663 203 724 vidua
226 662 364 741 loquere:
389 662 433 723 vir
455 672 534 724 caret
555 663 611 723 vita
632 671 712 724 tuus.

55 769 144 812 eurr.
189 747 333 808 Indomita
355 742 479 827 posthac
501 748 622 827 virginis
644 749 730 820 verba
753 745 867 828 impiae

55 837 166 913 regina
188 833 336 909 frangam
360 832 447 895 citius
469 835 581 894 interea
603 834 675 894 mibi
1090 844 1136 895 965

56 917 267 982 edissereubi
288 918 325 978 sit
347 926 442 992 natus,
466 918 515 980 ubi
537 919 628 980 trater
647 926 727 981 tuus.
895 978 899 987 ,

55 1025 109 1068 nn.
190 1003 279 1064 Extra
301 1002 448 1082 Mycenas.
492 1021 573 1064 eurr.
617 1002 717 1064 Redde
739 1022 821 1065 nunc
844 1011 944 1064 natum
968 1004 1050 1064 mibi.

56 1109 108 1153 nu.
190 1088 228 1149 Et
250 1099 282 1150 tu
304 1097 457 1168 parentem
480 1090 578 1151 redde.
622 1106 703 1157 eurr.
747 1087 813 1159 Quo
827 1087 928 1149 ‘latitat
949 1087 1039 1151 loco‘l

57 1194 123 1249 nn„
191 1173 268 1235 Tuto
292 1173 420 1252 quietus,
441 1192 533 1253 regua
556 1192 617 1236 non
640 1183 776 1236 metuens
799 1191 887 1235 nova:

59 1261 159 1321 iustae
181 1257 296 1338 parenti
318 1259 397 1319 satis.
442 1278 522 1320 eurr.
566 1263 603 1320 tt
625 1258 714 1320 iratae
736 1276 849 1339 parum.

59 1343 201 1406 morieris
221 1343 318 1404 hodie.
362 1362 409 1403 un.
453 1344 618 1405 Dummodo
641 1345 696 1404 hae
717 1344 827 1407 moriar
842 1352 947 1407 manu.

59 1429 171 1490 recedo
194 1428 230 1490 ab
253 1428 322 1488 aris.
366 1430 426 1489 sive
449 1437 477 1490 te
498 1429 601 1506 iugulo
623 1429 702 1489 iuvat

60 1515 203 1576 mersisse
223 1514 346 1588 lerrum,
369 1513 495 1593 praebeo
518 1513 652 1592 iugulum
675 1513 745 1586 tibi;

61 1618 117 1661 seu
141 1616 222 1659 more
244 1598 391 1678 pecudum
416 1599 488 1660 colla
512 1600 638 1660 resecari
660 1598 765 1678 placet,

61 1685 177 1745 intenta
200 1683 295 1744 cervix
318 1683 424 1744 vulnus
447 1693 581 1763 expectat
601 1693 695 1745 tuum.

62 1769 163 1830 scelus
185 1777 317 1849 paratum
342 1777 399 1829 est:
425 1770 513 1830 caede
534 1787 699 1848 respersam
723 1768 777 1829 viri

62 1865 152 1933 atque
176 1854 335 1916 obsoletam
358 1854 504 1931 sanguine
525 1854 582 1915 hoc
604 1856 733 1915 dextram
756 1854 853 1915 ablue.

63 1958 147 2000 eurr.
193 1937 321 1999 Consors
342 1939 445 2017 pericli
469 1940 579 2018 pariter
600 1958 633 2001 ac
656 1940 739 2018 regni
762 1939 831 2012 mei,

65 2024 214 2102 Aegisthe
238 2024 370 2101 gradere.
415 2032 480 2085 nata
504 2025 682 2102 genetricem
705 2023 795 2103 impie

64 2110 184 2191 probris
205 2108 331 2182 lacessit,
353 2109 463 2170 occulit
484 2110 602 2170 lratrem
626 2110 766 2171 abditum.

357 2260 568 2322 tutlsrllvs

152 2362 322 2423 Furibunda
345 2362 436 2440 virgo,
458 2364 539 2425 roais
562 2364 697 2426 infandae
721 2384 827 2427 sonum

68 2458 97 2509 et
119 2465 189 2509 aure
210 2449 297 2508 verba
318 2448 439 2527 indigna
462 2457 592 2511 materna
615 2450 759 2530 opprime.

68 2554 115 2595 rc.
195 2532 287 2594 Etiam
310 2534 443 2594 monebit
465 2534 585 2595 sceleris
607 2535 718 2596 inlandi
742 2537 855 2609 artifex,

69 2637 124 2698 per
145 2617 254 2678 scelera
277 2626 373 2689 natus,
396 2636 504 2680 nomen
528 2619 697 2697 ambiguum
720 2622 791 2696 suis,

70 2705 144 2763 idem
168 2703 278 2763 sororis
299 2711 386 2764 natus
408 2714 437 2765 et
458 2705 550 2784 patris
572 2701 689 2784 nepos?

70 2806 149 2848 eurr.
195 2787 343 2866 Aegisthe,
366 2806 463 2849 cessas
486 2789 608 2869 impium
630 2791 709 2850 lerro
733 2798 820 2868 caput

70 2870 238 2933 demetere?
270 2873 390 2934 fratrem
413 2874 515 2935 reddat
536 2884 586 2935 aut
606 2876 732 2934 animam
755 2877 860 2939 statim.

71 2977 135 3018 aec.
196 2958 336 3019 Abstrusa
359 2976 446 3020 caeco
470 2977 587 3020 carcere
611 2969 640 3021 et
661 2976 730 3019 saro
753 2959 849 3037 erigat

70 3060 180 3114 aevum,
204 3051 233 3103 et
254 3061 307 3122 per
330 3062 434 3104 omnes
456 3053 531 3104 torta
545 3062 717 3124 tpoenarum
739 3045 844 3104 modos

70 3127 179 3188 relerre
202 3145 289 3205 quem
313 3147 395 3190 nunc
417 3129 525 3190 occulit
548 3130 647 3190 lorsan
670 3129 755 3189 volet.

70 3213 156 3291 inops
179 3230 270 3290 egens
292 3213 416 3287 inclusa,
438 3215 566 3293 paedore
588 3214 703 3285 obmta‚

70 3297 153 3356 vidua
177 3305 244 3358 ante
266 3297 418 3371 thalamos,
442 3299 518 3371 exul,
542 3300 633 3361 inrisa
656 3298 795 3379 omnibus

72 3382 186 3442 aethere
209 3392 315 3459 negato
338 3401 405 3444 sero
427 3383 602 3445 subcumbet
624 3385 716 3445 malis.

155 3584 204 3634 990
228 3583 254 3634 ni
272 3583 297 3633 A
366 3585 415 3637 962
434 3584 507 3635 nobis
525 3585 557 3635 A.
581 3614 615 3623 -
640 3599 779 3651 agamenon
798 3584 823 3634 Ε
898 3586 947 3637 963
965 3590 1025 3649 port
1047 3600 1070 3636 υ.
1088 3585 1139 3636 965

75 3649 170 3713 legitur
187 3650 219 3701 A.
238 3680 271 3689 -
290 3656 317 3702 tu
336 3651 426 3716 vidg
486 3656 536 3705 994
554 3652 695 3719 posthaec
713 3654 737 3702 A
800 3654 847 3704 967
868 3652 930 3703 exiit
947 3652 1024 3704 lta
1089 3655 1139 3704 9¹10

73 3731 126 3768 cur.
144 3717 194 3768 dixi
212 3733 237 3783 p.
254 3734 274 3771 s.
294 3734 317 3772 a.
335 3719 350 3770 i.
368 3735 394 3786 p.
412 3720 437 3770 Ε
454 3719 530 3784 (adl,
542 3723 569 3784 5)
589 3727 659 3772 totae
676 3736 767 3771 versus
780 3719 905 3771 Electrae
923 3725 1098 3772 condonatur
1115 3723 1140 3772 A

74 3789 189 3837 corrodit
205 3785 319 3838 Botbe'aas
405 3791 455 3841 eta
477 3789 592 3855 iugulum
614 3789 704 3840 volens
722 3791 747 3839 A
837 3792 887 3842 976
905 3793 1036 3856 peractum
1060 3793 1099 3841 est
1116 3792 1141 3840 A

73 3855 121 3906 979
138 3857 167 3905 Α.
191 3852 288 3920 gaudes
305 3856 339 3906 A.
362 3882 396 3894 -
420 3860 522 3923 gnatam
540 3857 731 3924 genitricemll
817 3859 867 3910 980
885 3856 942 3909 abd.
968 3856 996 3908 lr.
1015 3857 1098 3908 occul.
1116 3859 1141 3907 A

9 3938 10 3947 ¹
74 3923 205 3974 ste-993
225 3921 450 3989 Clytaemestrae
467 3928 663 3975 condamnetur
680 3926 705 3974 A
764 3927 814 3978 989
833 3933 858 3977 et
877 3926 968 3977 cmA
1020 3928 1070 3978 990
1088 3925 1141 3976 forb

74 4003 124 4041 sam
142 3989 167 4040 Ε
236 3993 284 4044 991
303 4007 330 4057 p.
349 3991 431 4043 obsita
449 3993 475 4044 A
