2658 4488
547 271 722 315 autmundus
781 272 786 283 ’

3 478 6 487 .
96 419 233 482 decidere
255 429 284 481 et
305 428 399 482 atrum
422 421 511 483 rebus
533 422 633 484 induci
657 424 755 484 chaos,

95 514 184 567 vento
207 506 317 567 resistit
338 516 436 568 aestus
460 517 489 569 et
510 518 615 570 ventus
638 518 718 569 retro

95 599 209 652 aestum
232 591 368 666 revolvit3
391 611 451 652 non
472 593 554 672 “capit
576 612 641 654 sese
664 611 743 654 mare

96 677 251 754 undasque
272 677 398 738 miscent
420 677 514 738 imber
536 686 565 738 et
585 679 694 745 linctus
716 696 793 740 suas.

97 779 152 822 nec
175 762 232 822 hoc
253 761 384 822 levamen
408 762 536 842 denique
559 764 708 825 aerumnis
730 763 825 840 datur,

6 908 8 917 4
94 845 192 907 videre
215 846 316 908 saltem
339 858 369 907 et
391 865 478 908 nosse
502 867 561 927 quo
583 856 707 928 pereant
728 848 820 909 malo:

95 939 236 1010 premunt
257 931 396 993 tenebrae
418 931 530 993 lumina
553 943 581 993 et
604 932 683 994 dirae
705 933 803 1012 Stygis

94 1016 210 1077 inlcrna
233 1035 291 1077 nox
314 1026 367 1077 est.
411 1017 550 1078 excidunt
570 1018 655 1095 ignes
677 1026 774 1078 tamen

95 1108 126 1161 et
147 1101 226 1161 nube
249 1101 345 1162 dirum
369 1102 480 1163 tulmen
504 1103 573 1163 elisa
596 1103 695 1177 micat,

95 1185 270 1264 miserisque
291 1186 367 1247 lucis
389 1195 468 1248 tanta
490 1188 615 1249 dulcedo
639 1195 684 1249 est
704 1187 811 1248 malae:

94 1271 151 1331 hoc
173 1270 273 1332 lumen
297 1281 409 1351 optant.
454 1273 517 1351 ipsa
539 1292 571 1334 se
593 1273 694 1334 classis
717 1272 826 1353 premit

95 1363 126 1416 et
146 1373 234 1435 prora
256 1375 363 1435 prorae
386 1358 490 1419 nocuit
511 1367 540 1418 et
562 1358 645 1420 lateri
670 1357 756 1418 latus.

93 1440 171 1502 illam
194 1441 350 1504 dehiscens
373 1450 484 1521 pontus
506 1443 536 1503 in
559 1461 701 1527 praeceps
723 1443 800 1521 rapit

92 1526 250 1605 hauritque
273 1534 303 1587 et
324 1527 381 1588 alto
404 1527 544 1589 redditam
568 1529 691 1588 revomit
713 1528 785 1588 mari
793 1544 802 1601 ;

94 1612 166 1671 haec
189 1630 279 1672 onere
301 1613 380 1686 sidit,
402 1612 450 1674 illa
474 1613 647 1674 convulsum
670 1612 747 1673 latus

9 1740 12 1775 2
93 1696 239 1757 submittit
261 1697 358 1773 undis,
380 1697 488 1759 lluctus
510 1698 587 1760 hanc
609 1697 740 1759 decimus
762 1698 834 1775 tegit
842 1715 851 1773 ;

92 1782 165 1843 haec
187 1782 281 1843 lacera
304 1790 334 1842 et
357 1783 436 1843 omni
460 1783 565 1844 decore
588 1782 729 1863 populato
751 1783 822 1843 levis

91 1867 187 1928 lluitat
209 1866 328 1927 necilli
350 1867 412 1928 vela
435 1886 490 1929 nce
513 1875 616 1930 tonsae
638 1877 759 1928 manent

93 1971 150 2013 nec
173 1961 271 2013 rectus
293 1953 365 2012 altas
387 1952 480 2013 malus
502 1963 655 2014 antemnas
676 1954 785 2027 lenens,

93 2037 145 2097 sed
167 2045 271 2098 trunca
294 2044 355 2097 toto
377 2038 488 2117 puppis
510 2038 603 2098 lcario
627 2046 713 2098 natat.

11 2169 14 2181 ,
94 2122 135 2183 nil
156 2123 230 2184 ratio
254 2131 283 2183 et
305 2140 378 2183 usus
400 2123 501 2184 audet:
525 2141 573 2184 ars
596 2123 685 2184 cessit
706 2122 807 2197 malis;

11 2198 14 2215 ¹
91 2215 173 2268 tenet
195 2207 414 2281 honorarius,
438 2207 535 2269 omnis
558 2209 655 2270 cilicio
679 2217 778 2287 stupet

92 2293 187 2353 navita
203 2293 322 2368 relicto,
344 2310 444 2353 remus
467 2292 569 2370 elingit
591 2311 705 2354 manus.

92 2377 211 2438 innota
233 2377 357 2437 miseros
380 2377 501 2439 ultimus
522 2379 602 2457 cogit
623 2379 712 2439 timor

92 2462 253 2540 eademque
275 2480 400 2540 superos
422 2462 515 2524 Troes
537 2472 566 2523 et
587 2463 677 2524 Danai
701 2472 815 2541 rogant.

14 2610 15 2615 ,
92 2546 163 2626 quid
186 2547 243 2607 lata
265 2547 406 2626 possuntt
440 2548 550 2609 invidet
573 2546 703 2627 Pyrrhus
725 2549 810 2627 patri,

92 2632 172 2693 Aiaci
197 2631 302 2706 Vlixes,
325 2631 445 2692 Hectori
468 2632 582 2693 Atrides
604 2633 712 2707 minor,

91 2720 272 2795 Agamemno
296 2717 428 2792 Priam03
451 2717 586 2797 quisquis
608 2718 643 2779 ad
665 2717 782 2777 Troiam
806 2717 881 2779 iacet

91 2802 162 2863 lelix
182 2811 312 2875 vocatur,
336 2803 438 2863 cadere
461 2803 512 2880 qui
535 2802 643 2864 meruit
664 2802 765 2880 gradu,

91 2906 180 2966 quern
204 2888 278 2948 lama
300 2887 499 2961 servaturis
522 2905 610 2966 quem
632 2887 720 2947 tellus
741 2887 823 2965 tegit.

91 2973 145 3033 ‘nil
168 2972 266 3034 nobile
288 2990 376 3033 ausos
398 2980 509 3051 pontus
530 2982 619 3052 atque
642 2972 737 3033 undae
758 2973 880 3038 lerunt?

90 3059 193 3137 ignava
216 3059 306 3118 fortes
328 3057 385 3118 lata
408 3067 585 3119 consument
606 3054 706 3118 virosi

89 3143 241 3223 perdenda
262 3160 342 3202 mors
365 3139 430 3202 est?
460 3142 595 3221 quisquis
617 3161 650 3204 es
672 3142 803 3205 nondum
827 3143 910 3204 malis

90 3227 194 3288 satiate
216 3227 303 3288 tantis
327 3227 472 3300 caelitum,
495 3227 613 3288 tandem
636 3236 737 3289 tuum

92 3330 203 3385 numen
225 3329 346 3372 serena:
371 3310 503 3373 cladibus
526 3312 634 3374 nostris
657 3313 738 3373 daret

92 3396 138 3457 vel
158 3396 246 3458 Troia
269 3396 412 3458 lacrimas.
457 3397 522 3458 odia
544 3398 569 3458 si
592 3398 699 3459 durant
721 3408 771 3459 tna

92 3481 246 3562 placetque
270 3480 344 3542 mitti
366 3481 506 3544 Doricum
529 3481 616 3543 exitio
640 3501 744 3561 genus,

178 3668 226 3719 187
245 3665 367 3719 decedere
384 3665 409 3715 Ε
471 3667 519 3719 491
538 3664 626 3718 datum
644 3670 684 3718 est
701 3667 726 3716 A
777 3667 827 3718 499
844 3666 879 3716 irn
896 3665 975 3732 puli
1027 3668 1076 3718 500
1094 3680 1162 3718 mare

92 3733 170 3787 codd.
193 3736 313 3785 corrosit
332 3731 482 3784 Gronovius
506 3736 563 3798 (qui
584 3736 691 3799 scripsit
715 3732 765 3784 alio
781 3762 802 3771 -
815 3733 887 3797 mari)
980 3735 1028 3786 501
1052 3732 1118 3785 sedit
1142 3737 1162 3796 ς

4 3816 8 3821 ”
90 3804 140 3856 503
159 3802 288 3853 laterali.
313 3830 347 3838 —
370 3801 492 3868 populata
511 3806 530 3866 ς
607 3805 657 3855 500
675 3805 769 3854 structa
789 3801 887 3863 (tractu)
906 3806 960 3853 toto
986 3801 1065 3867 turpis
1083 3805 1109 3866 ς.
1128 3829 1161 3840 ·-

3 3888 9 3899 t
89 3870 160 3923 lenio
179 3869 256 3921 codd.
275 3874 396 3920 recrearit
412 3869 445 3920 de
463 3871 645 3922 Wilumowitz
720 3872 768 3921 tot
787 3869 864 3921 audet
881 3869 907 3920 in
928 3870 1027 3937 magnis
1045 3870 1119 3922 malis
1137 3871 1162 3920 A

0 3944 2 3975 ῑ
78 3940 140 3991 512
159 3938 241 4007 pirrus
259 3937 284 3988 tl
370 3940 421 3990 514
439 3952 579 4005 agamenon
598 3938 647 3990 uA
670 3941 790 3990 correoeit
814 3938 964 3988 Gronovius
1049 3940 1098 3990 515
1118 3938 1160 4004 qui

89 4008 175 4074 potuit
193 4010 220 4072 ς.
237 4035 271 4045 -
288 4020 365 4057 manu
384 4007 408 4055 A
478 4009 526 4058 517
546 4007 628 4059 terent
644 4007 669 4058 A
738 4008 786 4059 519
802 4004 959 4073 pudenda&
