<?xml version="1.0" encoding="UTF-8"?>
<!DOCTYPE html PUBLIC "-//W3C//DTD XHTML 1.0 Transitional//EN"
    "http://www.w3.org/TR/xhtml1/DTD/xhtml1-transitional.dtd">
<html xmlns="http://www.w3.org/1999/xhtml" xml:lang="en" lang="en">
 <head>
  <title>
</title>
<meta http-equiv="Content-Type" content="text/html;charset=utf-8" />
  <meta name='ocr-system' content='tesseract 3.04.00' />
  <meta name='ocr-capabilities' content='ocr_page ocr_carea ocr_par ocr_line ocrx_word'/>
</head>
<body>
  <div class='ocr_page' id='page_1' title='image "./lannaeisenecaet00leogoog_0146.png"; bbox 0 0 2686 4482; ppageno 0'>
   <div class='ocr_carea' id='block_1_1' title="bbox 443 192 1174 258">
    <p class='ocr_par' dir='ltr' id='par_1_1' title="bbox 443 192 1174 258">
     <span class='ocr_line' id='line_1_1' title="bbox 443 192 1174 258; baseline 0.008 -6"><span class='ocrx_word' id='word_1_1' title='bbox 443 206 630 253; x_wconf 74' lang='lat' dir='ltr'>precurrens</span> <span class='ocrx_word' id='word_1_2' title='bbox 650 206 837 252; x_wconf 79' lang='lat' dir='ltr'>ronmrnrs.</span> <span class='ocrx_word' id='word_1_3' title='bbox 1115 192 1174 258; x_wconf 86' lang='grc'>133</span> 
     </span>
    </p>
   </div>
   <div class='ocr_carea' id='block_1_2' title="bbox 17 359 1177 527">
    <p class='ocr_par' dir='ltr' id='par_1_2' title="bbox 17 359 1177 527">
     <span class='ocr_line' id='line_1_2' title="bbox 17 359 1177 441; baseline -0.001 -15"><span class='ocrx_word' id='word_1_4' title='bbox 17 374 18 377; x_wconf 75' lang='grc'>’</span> <span class='ocrx_word' id='word_1_5' title='bbox 106 374 237 433; x_wconf 70' lang='lat' dir='ltr'>mutum,</span> <span class='ocrx_word' id='word_1_6' title='bbox 258 392 302 407; x_wconf 78' lang='lat'>-</span> <span class='ocrx_word' id='word_1_7' title='bbox 324 372 359 424; x_wconf 83' lang='lat' dir='ltr'>ut</span> <span class='ocrx_word' id='word_1_8' title='bbox 377 362 573 441; x_wconf 65' lang='lat' dir='ltr'>quodcumque</span> <span class='ocrx_word' id='word_1_9' title='bbox 591 371 716 422; x_wconf 72' lang='lat' dir='ltr'>metrum</span> <span class='ocrx_word' id='word_1_10' title='bbox 736 376 845 422; x_wconf 72' lang='lat' dir='ltr'>nomm</span> <span class='ocrx_word' id='word_1_11' title='bbox 865 359 968 440; x_wconf 75' lang='lat' dir='ltr'>adipeis</span> <span class='ocrx_word' id='word_1_12' title='bbox 989 376 1018 423; x_wconf 83' lang='lat' dir='ltr'>sa</span> <span class='ocrx_word' id='word_1_13' title='bbox 1036 365 1177 427; x_wconf 75' lang='lat' dir='ltr'>memisse</span> 
     </span>
     <span class='ocr_line' id='line_1_3' title="bbox 17 445 1176 527; baseline 0 -17"><span class='ocrx_word' id='word_1_14' title='bbox 17 454 19 485; x_wconf 61' lang='lat' dir='ltr'>r</span> <span class='ocrx_word' id='word_1_15' title='bbox 108 450 253 521; x_wconf 70' lang='lat' dir='ltr'>iudicarit,</span> <span class='ocrx_word' id='word_1_16' title='bbox 289 448 328 508; x_wconf 83' lang='lat' dir='ltr'>ed</span> <span class='ocrx_word' id='word_1_17' title='bbox 354 445 422 508; x_wconf 74' lang='lat' dir='ltr'>bueo</span> <span class='ocrx_word' id='word_1_18' title='bbox 449 464 521 527; x_wconf 79' lang='lat' dir='ltr'>poue</span> <span class='ocrx_word' id='word_1_19' title='bbox 546 449 715 507; x_wconf 71' lang='lat' dir='ltr'>memoravi</span> <span class='ocrx_word' id='word_1_20' title='bbox 739 449 837 524; x_wconf 76' lang='lat' dir='ltr'>utique</span> <span class='ocrx_word' id='word_1_21' title='bbox 865 447 1040 526; x_wconf 67' lang='lat' dir='ltr'>referatur).</span> <span class='ocrx_word' id='word_1_22' title='bbox 1097 449 1176 510; x_wconf 89' lang='lat' dir='ltr'>illam</span> 
     </span>
    </p>
   </div>
   <div class='ocr_carea' id='block_1_3' title="bbox 107 529 1176 610">
    <p class='ocr_par' dir='ltr' id='par_1_3' title="bbox 107 529 1176 610">
     <span class='ocr_line' id='line_1_4' title="bbox 107 529 1176 610; baseline -0.001 -15"><span class='ocrx_word' id='word_1_23' title='bbox 107 542 203 595; x_wconf 84' lang='lat' dir='ltr'>autem</span> <span class='ocrx_word' id='word_1_24' title='bbox 223 539 388 592; x_wconf 74' lang='lat' dir='ltr'><strong>metrorum</strong></span> <span class='ocrx_word' id='word_1_25' title='bbox 409 549 446 591; x_wconf 83' lang='lat' dir='ltr'>ex</span> <span class='ocrx_word' id='word_1_26' title='bbox 468 531 588 592; x_wconf 85' lang='lat' dir='ltr'>heroico</span> <span class='ocrx_word' id='word_1_27' title='bbox 606 548 692 591; x_wconf 82' lang='lat' dir='ltr'>versu</span> <span class='ocrx_word' id='word_1_28' title='bbox 710 529 897 610; x_wconf 80' lang='lat' dir='ltr'>potissimum</span> <span class='ocrx_word' id='word_1_29' title='bbox 913 540 942 592; x_wconf 91' lang='lat' dir='ltr'>et</span> <span class='ocrx_word' id='word_1_30' title='bbox 956 531 1088 593; x_wconf 81' lang='lat' dir='ltr'>trimetro</span> <span class='ocrx_word' id='word_1_31' title='bbox 1103 534 1176 594; x_wconf 90' lang='lat' dir='ltr'>iam-</span> 
     </span>
    </p>
   </div>
   <div class='ocr_carea' id='block_1_4' title="bbox 17 614 1176 782">
    <p class='ocr_par' dir='ltr' id='par_1_4' title="bbox 17 614 1176 782">
     <span class='ocr_line' id='line_1_5' title="bbox 17 614 1176 694; baseline -0.002 -15"><span class='ocrx_word' id='word_1_32' title='bbox 17 650 18 653; x_wconf 35' lang='lat'><em>*</em></span> <span class='ocrx_word' id='word_1_33' title='bbox 106 618 174 680; x_wconf 91' lang='lat' dir='ltr'>bico</span> <span class='ocrx_word' id='word_1_34' title='bbox 193 616 419 678; x_wconf 65' lang='lat' dir='ltr'>derivandorum</span> <span class='ocrx_word' id='word_1_35' title='bbox 442 614 605 677; x_wconf 74' lang='lat' dir='ltr'>doctrinam</span> <span class='ocrx_word' id='word_1_36' title='bbox 621 614 646 676; x_wconf 91' lang='lat' dir='ltr'>si</span> <span class='ocrx_word' id='word_1_37' title='bbox 662 614 782 676; x_wconf 83' lang='lat' dir='ltr'>Caesius</span> <span class='ocrx_word' id='word_1_38' title='bbox 796 615 905 676; x_wconf 83' lang='lat' dir='ltr'>Bassus</span> <span class='ocrx_word' id='word_1_39' title='bbox 920 615 1039 678; x_wconf 84' lang='lat' dir='ltr'>domurn</span> <span class='ocrx_word' id='word_1_40' title='bbox 1054 617 1176 694; x_wconf 77' lang='lat' dir='ltr'>invenit,</span> 
     </span>
     <span class='ocr_line' id='line_1_6' title="bbox 17 698 1176 782; baseline 0.002 -20"><span class='ocrx_word' id='word_1_41' title='bbox 17 772 19 779; x_wconf 13' lang='lat' dir='ltr'>y</span> <span class='ocrx_word' id='word_1_42' title='bbox 106 702 159 782; x_wconf 92' lang='lat' dir='ltr'>qui</span> <span class='ocrx_word' id='word_1_43' title='bbox 179 701 299 775; x_wconf 72' lang='lat' dir='ltr'>scilicet,</span> <span class='ocrx_word' id='word_1_44' title='bbox 321 710 356 762; x_wconf 90' lang='lat' dir='ltr'>ut</span> <span class='ocrx_word' id='word_1_45' title='bbox 376 714 431 780; x_wconf 84' lang='lat' dir='ltr'>per</span> <span class='ocrx_word' id='word_1_46' title='bbox 445 699 657 762; x_wconf 73' lang='lat' dir='ltr'>Terentianum</span> <span class='ocrx_word' id='word_1_47' title='bbox 680 698 887 779; x_wconf 74' lang='lat' dir='ltr'>comperimus,</span> <span class='ocrx_word' id='word_1_48' title='bbox 909 699 1007 762; x_wconf 82' lang='lat' dir='ltr'>citavit</span> <span class='ocrx_word' id='word_1_49' title='bbox 1023 702 1176 778; x_wconf 87' lang='lat' dir='ltr'>Senecam,</span> 
     </span>
    </p>
   </div>
   <div class='ocr_carea' id='block_1_5' title="bbox 104 784 1180 2392">
    <p class='ocr_par' dir='ltr' id='par_1_5' title="bbox 104 784 1179 2140">
     <span class='ocr_line' id='line_1_7' title="bbox 106 784 1177 863; baseline 0.002 -16"><span class='ocrx_word' id='word_1_50' title='bbox 106 805 167 848; x_wconf 92' lang='lat' dir='ltr'>non</span> <span class='ocrx_word' id='word_1_51' title='bbox 196 786 379 863; x_wconf 83' lang='lat' dir='ltr'>intellegitur</span> <span class='ocrx_word' id='word_1_52' title='bbox 409 784 461 863; x_wconf 90' lang='lat' dir='ltr'>qui</span> <span class='ocrx_word' id='word_1_53' title='bbox 494 784 595 846; x_wconf 84' lang='lat' dir='ltr'>eadem</span> <span class='ocrx_word' id='word_1_54' title='bbox 625 786 792 847; x_wconf 87' lang='lat' dir='ltr'>instructus</span> <span class='ocrx_word' id='word_1_55' title='bbox 820 785 933 846; x_wconf 85' lang='lat' dir='ltr'>Seneca</span> <span class='ocrx_word' id='word_1_56' title='bbox 962 787 1019 847; x_wconf 85' lang='lat' dir='ltr'>inm</span> <span class='ocrx_word' id='word_1_57' title='bbox 1048 787 1177 849; x_wconf 86' lang='lat' dir='ltr'>carmina</span> 
     </span>
     <span class='ocr_line' id='line_1_8' title="bbox 105 870 1177 950; baseline -0.001 -16"><span class='ocrx_word' id='word_1_58' title='bbox 105 873 161 934; x_wconf 88' lang='lat' dir='ltr'>ista</span> <span class='ocrx_word' id='word_1_59' title='bbox 185 870 400 950; x_wconf 68' lang='lat' dir='ltr'>composuerit.</span> <span class='ocrx_word' id='word_1_60' title='bbox 448 870 501 931; x_wconf 85' lang='lat' dir='ltr'>sed</span> <span class='ocrx_word' id='word_1_61' title='bbox 529 870 652 934; x_wconf 89' lang='lat' dir='ltr'>dubium</span> <span class='ocrx_word' id='word_1_62' title='bbox 681 887 742 931; x_wconf 88' lang='lat' dir='ltr'>non</span> <span class='ocrx_word' id='word_1_63' title='bbox 771 878 817 930; x_wconf 85' lang='lat' dir='ltr'>est</span> <span class='ocrx_word' id='word_1_64' title='bbox 843 870 916 949; x_wconf 89' lang='lat' dir='ltr'>quin</span> <span class='ocrx_word' id='word_1_65' title='bbox 947 879 1016 932; x_wconf 86' lang='lat' dir='ltr'>anta</span> <span class='ocrx_word' id='word_1_66' title='bbox 1043 872 1177 934; x_wconf 71' lang='lat' dir='ltr'>Casuum</span> 
     </span>
     <span class='ocr_line' id='line_1_9' title="bbox 106 953 1177 1036; baseline 0 -18"><span class='ocrx_word' id='word_1_67' title='bbox 106 957 285 1036; x_wconf 87' lang='lat' dir='ltr'>grammatici</span> <span class='ocrx_word' id='word_1_68' title='bbox 308 956 406 1033; x_wconf 82' lang='lat' dir='ltr'>graeci</span> <span class='ocrx_word' id='word_1_69' title='bbox 428 965 458 1015; x_wconf 92' lang='lat' dir='ltr'>et</span> <span class='ocrx_word' id='word_1_70' title='bbox 478 955 556 1015; x_wconf 88' lang='lat' dir='ltr'>inter</span> <span class='ocrx_word' id='word_1_71' title='bbox 578 955 685 1016; x_wconf 87' lang='lat' dir='ltr'>latiucs</span> <span class='ocrx_word' id='word_1_72' title='bbox 707 954 739 1015; x_wconf 79' lang='lat' dir='ltr'>ia</span> <span class='ocrx_word' id='word_1_73' title='bbox 761 954 866 1034; x_wconf 90' lang='lat' dir='ltr'>primis</span> <span class='ocrx_word' id='word_1_74' title='bbox 890 953 980 1016; x_wconf 86' lang='lat' dir='ltr'>Varro</span> <span class='ocrx_word' id='word_1_75' title='bbox 1002 955 1177 1018; x_wconf 89' lang='lat' dir='ltr'>immensam</span> 
     </span>
     <span class='ocr_line' id='line_1_10' title="bbox 105 1039 1176 1120; baseline -0.002 -16"><span class='ocrx_word' id='word_1_76' title='bbox 105 1050 268 1104; x_wconf 80' lang='lat' dir='ltr'>metrorum</span> <span class='ocrx_word' id='word_1_77' title='bbox 295 1040 463 1101; x_wconf 83' lang='lat' dir='ltr'>varietatem</span> <span class='ocrx_word' id='word_1_78' title='bbox 491 1039 595 1101; x_wconf 90' lang='lat' dir='ltr'>ecdem</span> <span class='ocrx_word' id='word_1_79' title='bbox 623 1039 710 1099; x_wconf 89' lang='lat' dir='ltr'>modo</span> <span class='ocrx_word' id='word_1_80' title='bbox 739 1039 917 1119; x_wconf 84' lang='lat' dir='ltr'>digesserint</span> <span class='ocrx_word' id='word_1_81' title='bbox 938 1049 966 1102; x_wconf 91' lang='lat' dir='ltr'>et</span> <span class='ocrx_word' id='word_1_82' title='bbox 988 1040 1176 1120; x_wconf 80' lang='lat' dir='ltr'>explicarint3</span> 
     </span>
     <span class='ocr_line' id='line_1_11' title="bbox 107 1124 1178 1206; baseline 0 -18"><span class='ocrx_word' id='word_1_83' title='bbox 107 1145 179 1206; x_wconf 91' lang='lat' dir='ltr'>quae</span> <span class='ocrx_word' id='word_1_84' title='bbox 209 1144 272 1188; x_wconf 92' lang='lat' dir='ltr'>non</span> <span class='ocrx_word' id='word_1_85' title='bbox 302 1125 386 1187; x_wconf 88' lang='lat' dir='ltr'>aliter</span> <span class='ocrx_word' id='word_1_86' title='bbox 414 1124 445 1184; x_wconf 93' lang='lat' dir='ltr'>in</span> <span class='ocrx_word' id='word_1_87' title='bbox 471 1124 581 1185; x_wconf 79' lang='lat' dir='ltr'>sobolis</span> <span class='ocrx_word' id='word_1_88' title='bbox 603 1140 714 1203; x_wconf 88' lang='lat' dir='ltr'>pucros</span> <span class='ocrx_word' id='word_1_89' title='bbox 735 1124 924 1186; x_wconf 83' lang='lat' dir='ltr'>didicissset</span> <span class='ocrx_word' id='word_1_90' title='bbox 945 1133 1178 1188; x_wconf 87' lang='lat' dir='ltr'>consentaneum</span> 
     </span>
     <span class='ocr_line' id='line_1_12' title="bbox 106 1209 1177 1289; baseline 0 -17"><span class='ocrx_word' id='word_1_91' title='bbox 106 1219 150 1272; x_wconf 90' lang='lat' dir='ltr'>est</span> <span class='ocrx_word' id='word_1_92' title='bbox 169 1220 198 1272; x_wconf 91' lang='lat' dir='ltr'>et</span> <span class='ocrx_word' id='word_1_93' title='bbox 220 1210 295 1281; x_wconf 90' lang='lat' dir='ltr'>baec</span> <span class='ocrx_word' id='word_1_94' title='bbox 316 1210 379 1289; x_wconf 89' lang='lat' dir='ltr'>ipsa</span> <span class='ocrx_word' id='word_1_95' title='bbox 402 1227 479 1288; x_wconf 87' lang='lat' dir='ltr'>quae</span> <span class='ocrx_word' id='word_1_96' title='bbox 498 1209 685 1270; x_wconf 71' lang='lat' dir='ltr'>tractavimus</span> <span class='ocrx_word' id='word_1_97' title='bbox 708 1210 837 1270; x_wconf 82' lang='lat' dir='ltr'>carmina</span> <span class='ocrx_word' id='word_1_98' title='bbox 859 1218 986 1289; x_wconf 85' lang='lat' dir='ltr'>possunt</span> <span class='ocrx_word' id='word_1_99' title='bbox 1007 1211 1177 1272; x_wconf 89' lang='lat' dir='ltr'>testimonio</span> 
     </span>
     <span class='ocr_line' id='line_1_13' title="bbox 106 1294 1177 1373; baseline -0.001 -16"><span class='ocrx_word' id='word_1_100' title='bbox 106 1314 178 1358; x_wconf 90' lang='lat' dir='ltr'>esse.</span> <span class='ocrx_word' id='word_1_101' title='bbox 216 1294 315 1356; x_wconf 90' lang='lat' dir='ltr'>elucet</span> <span class='ocrx_word' id='word_1_102' title='bbox 337 1294 416 1354; x_wconf 89' lang='lat' dir='ltr'>enirn</span> <span class='ocrx_word' id='word_1_103' title='bbox 439 1302 624 1373; x_wconf 80' lang='lat' dir='ltr'>quantopere</span> <span class='ocrx_word' id='word_1_104' title='bbox 646 1294 784 1354; x_wconf 69' lang='lat' dir='ltr'>uberiora</span> <span class='ocrx_word' id='word_1_105' title='bbox 808 1294 925 1373; x_wconf 82' lang='lat' dir='ltr'>ingenie</span> <span class='ocrx_word' id='word_1_106' title='bbox 948 1296 984 1356; x_wconf 88' lang='lat' dir='ltr'>ad</span> <span class='ocrx_word' id='word_1_107' title='bbox 1002 1312 1077 1357; x_wconf 87' lang='lat' dir='ltr'>nova</span> <span class='ocrx_word' id='word_1_108' title='bbox 1092 1298 1177 1358; x_wconf 83' lang='lat' dir='ltr'>sebe·</span> 
     </span>
     <span class='ocr_line' id='line_1_14' title="bbox 104 1378 1177 1456; baseline 0 -14"><span class='ocrx_word' id='word_1_109' title='bbox 104 1391 178 1443; x_wconf 87' lang='lat' dir='ltr'>mata</span> <span class='ocrx_word' id='word_1_110' title='bbox 199 1398 257 1442; x_wconf 85' lang='lat' dir='ltr'>suo</span> <span class='ocrx_word' id='word_1_111' title='bbox 277 1386 371 1440; x_wconf 86' lang='lat' dir='ltr'>marte</span> <span class='ocrx_word' id='word_1_112' title='bbox 392 1379 602 1440; x_wconf 81' lang='lat' dir='ltr'>mafermanda</span> <span class='ocrx_word' id='word_1_113' title='bbox 624 1378 757 1440; x_wconf 84' lang='lat' dir='ltr'>doctrina</span> <span class='ocrx_word' id='word_1_114' title='bbox 779 1380 834 1440; x_wconf 90' lang='lat' dir='ltr'>ista</span> <span class='ocrx_word' id='word_1_115' title='bbox 860 1380 976 1441; x_wconf 84' lang='lat' dir='ltr'>incitari</span> <span class='ocrx_word' id='word_1_116' title='bbox 1005 1380 1177 1456; x_wconf 88' lang='lat' dir='ltr'>debuerint;</span> 
     </span>
     <span class='ocr_line' id='line_1_15' title="bbox 105 1463 1179 1546; baseline 0 -19"><span class='ocrx_word' id='word_1_117' title='bbox 105 1485 202 1545; x_wconf 91' lang='lat' dir='ltr'>neque</span> <span class='ocrx_word' id='word_1_118' title='bbox 236 1465 375 1543; x_wconf 79' lang='lat' dir='ltr'>cuiquam</span> <span class='ocrx_word' id='word_1_119' title='bbox 404 1463 462 1523; x_wconf 83' lang='lat' dir='ltr'>nisi</span> <span class='ocrx_word' id='word_1_120' title='bbox 491 1463 713 1525; x_wconf 88' lang='lat' dir='ltr'>adulescentulo</span> <span class='ocrx_word' id='word_1_121' title='bbox 746 1466 798 1542; x_wconf 89' lang='lat' dir='ltr'>qui</span> <span class='ocrx_word' id='word_1_122' title='bbox 825 1465 872 1526; x_wconf 84' lang='lat' dir='ltr'>vix</span> <span class='ocrx_word' id='word_1_123' title='bbox 900 1464 1003 1525; x_wconf 86' lang='lat' dir='ltr'>ludum</span> <span class='ocrx_word' id='word_1_124' title='bbox 1031 1467 1179 1546; x_wconf 87' lang='lat' dir='ltr'>superarit</span> 
     </span>
     <span class='ocr_line' id='line_1_16' title="bbox 104 1546 1178 1629; baseline 0 -17"><span class='ocrx_word' id='word_1_125' title='bbox 104 1551 175 1612; x_wconf 87' lang='lat' dir='ltr'>baec</span> <span class='ocrx_word' id='word_1_126' title='bbox 190 1549 322 1612; x_wconf 76' lang='lat' dir='ltr'>cumina</span> <span class='ocrx_word' id='word_1_127' title='bbox 336 1546 443 1609; x_wconf 87' lang='lat' dir='ltr'>ascribi</span> <span class='ocrx_word' id='word_1_128' title='bbox 457 1565 546 1628; x_wconf 89' lang='lat' dir='ltr'>posse</span> <span class='ocrx_word' id='word_1_129' title='bbox 558 1547 769 1628; x_wconf 85' lang='lat' dir='ltr'>peritissimum</span> <span class='ocrx_word' id='word_1_130' title='bbox 779 1564 928 1629; x_wconf 87' lang='lat' dir='ltr'>quemque</span> <span class='ocrx_word' id='word_1_131' title='bbox 942 1564 1102 1611; x_wconf 89' lang='lat' dir='ltr'>sensurum</span> <span class='ocrx_word' id='word_1_132' title='bbox 1113 1568 1178 1612; x_wconf 91' lang='lat' dir='ltr'>esse</span> 
     </span>
     <span class='ocr_line' id='line_1_17' title="bbox 106 1630 1178 1713; baseline -0.002 -16"><span class='ocrx_word' id='word_1_133' title='bbox 106 1635 231 1698; x_wconf 84' lang='lat' dir='ltr'>confido.</span> <span class='ocrx_word' id='word_1_134' title='bbox 276 1651 352 1712; x_wconf 86' lang='lat' dir='ltr'>quae</span> <span class='ocrx_word' id='word_1_135' title='bbox 375 1650 441 1694; x_wconf 89' lang='lat' dir='ltr'>curn</span> <span class='ocrx_word' id='word_1_136' title='bbox 464 1632 585 1695; x_wconf 87' lang='lat' dir='ltr'>omuino</span> <span class='ocrx_word' id='word_1_137' title='bbox 608 1630 753 1713; x_wconf 80' lang='lat' dir='ltr'>puerilem</span> <span class='ocrx_word' id='word_1_138' title='bbox 783 1630 929 1713; x_wconf 88' lang='lat' dir='ltr'>quandam</span> <span class='ocrx_word' id='word_1_139' title='bbox 951 1634 981 1695; x_wconf 88' lang='lat' dir='ltr'>in</span> <span class='ocrx_word' id='word_1_140' title='bbox 1004 1635 1107 1696; x_wconf 86' lang='lat' dir='ltr'>metris</span> <span class='ocrx_word' id='word_1_141' title='bbox 1130 1636 1178 1696; x_wconf 91' lang='lat' dir='ltr'>ln·</span> 
     </span>
     <span class='ocr_line' id='line_1_18' title="bbox 105 1718 1178 1799; baseline 0.005 -23"><span class='ocrx_word' id='word_1_142' title='bbox 105 1719 256 1781; x_wconf 76' lang='lat' dir='ltr'>vestiendis</span> <span class='ocrx_word' id='word_1_143' title='bbox 279 1718 442 1779; x_wconf 90' lang='lat' dir='ltr'>cacozelian</span> <span class='ocrx_word' id='word_1_144' title='bbox 459 1736 529 1797; x_wconf 90' lang='lat' dir='ltr'>prae</span> <span class='ocrx_word' id='word_1_145' title='bbox 544 1737 576 1779; x_wconf 90' lang='lat' dir='ltr'>se</span> <span class='ocrx_word' id='word_1_146' title='bbox 591 1719 696 1791; x_wconf 79' lang='lat' dir='ltr'>ferant,</span> <span class='ocrx_word' id='word_1_147' title='bbox 717 1726 780 1779; x_wconf 89' lang='lat' dir='ltr'>turn</span> <span class='ocrx_word' id='word_1_148' title='bbox 795 1720 1009 1797; x_wconf 86' lang='lat' dir='ltr'>congruentiae</span> <span class='ocrx_word' id='word_1_149' title='bbox 1024 1734 1178 1799; x_wconf 80' lang='lat' dir='ltr'>nexusque</span> 
     </span>
     <span class='ocr_line' id='line_1_19' title="bbox 107 1802 1178 1866; baseline 0.001 -1"><span class='ocrx_word' id='word_1_150' title='bbox 107 1821 299 1866; x_wconf 88' lang='lat' dir='ltr'>numerorum</span> <span class='ocrx_word' id='word_1_151' title='bbox 327 1811 379 1863; x_wconf 87' lang='lat' dir='ltr'>aut</span> <span class='ocrx_word' id='word_1_152' title='bbox 399 1802 513 1864; x_wconf 89' lang='lat' dir='ltr'>nullum</span> <span class='ocrx_word' id='word_1_153' title='bbox 535 1811 586 1863; x_wconf 90' lang='lat' dir='ltr'>aut</span> <span class='ocrx_word' id='word_1_154' title='bbox 614 1803 717 1864; x_wconf 90' lang='lat' dir='ltr'>rudem</span> <span class='ocrx_word' id='word_1_155' title='bbox 740 1804 897 1865; x_wconf 89' lang='lat' dir='ltr'>admodum</span> <span class='ocrx_word' id='word_1_156' title='bbox 920 1804 1034 1865; x_wconf 89' lang='lat' dir='ltr'>auctori</span> <span class='ocrx_word' id='word_1_157' title='bbox 1056 1823 1178 1866; x_wconf 87' lang='lat' dir='ltr'>sensum</span> 
     </span>
     <span class='ocr_line' id='line_1_20' title="bbox 106 1886 1177 1968; baseline 0 -17"><span class='ocrx_word' id='word_1_158' title='bbox 106 1889 228 1951; x_wconf 75' lang='lat' dir='ltr'>infuisse</span> <span class='ocrx_word' id='word_1_159' title='bbox 251 1888 387 1950; x_wconf 83' lang='lat' dir='ltr'>clamant.</span> <span class='ocrx_word' id='word_1_160' title='bbox 431 1905 491 1966; x_wconf 93' lang='lat' dir='ltr'>qno</span> <span class='ocrx_word' id='word_1_161' title='bbox 513 1887 635 1962; x_wconf 88' lang='lat' dir='ltr'>accedit,</span> <span class='ocrx_word' id='word_1_162' title='bbox 661 1886 691 1949; x_wconf 90' lang='lat' dir='ltr'>id</span> <span class='ocrx_word' id='word_1_163' title='bbox 713 1889 793 1968; x_wconf 89' lang='lat' dir='ltr'>quod</span> <span class='ocrx_word' id='word_1_164' title='bbox 815 1889 974 1950; x_wconf 88' lang='lat' dir='ltr'>identidem</span> <span class='ocrx_word' id='word_1_165' title='bbox 996 1891 1177 1965; x_wconf 88' lang='lat' dir='ltr'>monuimus,</span> 
     </span>
     <span class='ocr_line' id='line_1_21' title="bbox 108 1971 1177 2053; baseline -0.002 -17"><span class='ocrx_word' id='word_1_166' title='bbox 108 1985 136 2036; x_wconf 88' lang='lat' dir='ltr'>ut</span> <span class='ocrx_word' id='word_1_167' title='bbox 152 1973 330 2036; x_wconf 89' lang='lat' dir='ltr'>elocutionis</span> <span class='ocrx_word' id='word_1_168' title='bbox 345 1971 501 2050; x_wconf 83' lang='lat' dir='ltr'>agilitatem</span> <span class='ocrx_word' id='word_1_169' title='bbox 515 1980 680 2053; x_wconf 80' lang='lat' dir='ltr'>metrorum</span> <span class='ocrx_word' id='word_1_170' title='bbox 698 1973 910 2035; x_wconf 89' lang='lat' dir='ltr'>edolandorum</span> <span class='ocrx_word' id='word_1_171' title='bbox 928 1974 1028 2036; x_wconf 90' lang='lat' dir='ltr'>labore</span> <span class='ocrx_word' id='word_1_172' title='bbox 1049 1975 1177 2037; x_wconf 89' lang='lat' dir='ltr'>inhiberi</span> 
     </span>
     <span class='ocr_line' id='line_1_22' title="bbox 106 2055 1024 2140; baseline 0 -19"><span class='ocrx_word' id='word_1_173' title='bbox 106 2059 214 2138; x_wconf 91' lang='lat' dir='ltr'>ubique</span> <span class='ocrx_word' id='word_1_174' title='bbox 237 2067 267 2120; x_wconf 92' lang='lat' dir='ltr'>et</span> <span class='ocrx_word' id='word_1_175' title='bbox 289 2055 453 2137; x_wconf 79' lang='lat' dir='ltr'>constringi</span> <span class='ocrx_word' id='word_1_176' title='bbox 476 2057 541 2118; x_wconf 90' lang='lat' dir='ltr'>sine</span> <span class='ocrx_word' id='word_1_177' title='bbox 562 2056 682 2118; x_wconf 89' lang='lat' dir='ltr'>lectoris</span> <span class='ocrx_word' id='word_1_178' title='bbox 704 2058 810 2137; x_wconf 91' lang='lat' dir='ltr'>gaudio</span> <span class='ocrx_word' id='word_1_179' title='bbox 832 2059 1024 2140; x_wconf 80' lang='lat' dir='ltr'>percipiatur.</span> 
     </span>
    </p>

    <p class='ocr_par' dir='ltr' id='par_1_6' title="bbox 106 2141 1180 2392">
     <span class='ocr_line' id='line_1_23' title="bbox 187 2141 1177 2224; baseline 0.002 -20"><span class='ocrx_word' id='word_1_180' title='bbox 187 2144 290 2224; x_wconf 86' lang='lat' dir='ltr'>itaque</span> <span class='ocrx_word' id='word_1_181' title='bbox 311 2142 453 2203; x_wconf 87' lang='lat' dir='ltr'>Senecam</span> <span class='ocrx_word' id='word_1_182' title='bbox 475 2141 729 2206; x_wconf 88' lang='lat' dir='ltr'>adulescentulum</span> <span class='ocrx_word' id='word_1_183' title='bbox 752 2150 782 2206; x_wconf 90' lang='lat' dir='ltr'>et</span> <span class='ocrx_word' id='word_1_184' title='bbox 804 2143 951 2223; x_wconf 86' lang='lat' dir='ltr'>Oedipum</span> <span class='ocrx_word' id='word_1_185' title='bbox 973 2152 1003 2206; x_wconf 90' lang='lat' dir='ltr'>et</span> <span class='ocrx_word' id='word_1_186' title='bbox 1022 2147 1177 2223; x_wconf 81' lang='lat' dir='ltr'>Agamem·</span> 
     </span>
     <span class='ocr_line' id='line_1_24' title="bbox 107 2227 1180 2309; baseline -0.001 -18"><span class='ocrx_word' id='word_1_187' title='bbox 107 2247 214 2291; x_wconf 81' lang='lat' dir='ltr'>nonem</span> <span class='ocrx_word' id='word_1_188' title='bbox 244 2227 402 2306; x_wconf 88' lang='lat' dir='ltr'>scripsisse</span> <span class='ocrx_word' id='word_1_189' title='bbox 429 2228 586 2288; x_wconf 89' lang='lat' dir='ltr'>contendo.</span> <span class='ocrx_word' id='word_1_190' title='bbox 633 2246 778 2307; x_wconf 87' lang='lat' dir='ltr'>namque,</span> <span class='ocrx_word' id='word_1_191' title='bbox 807 2238 841 2290; x_wconf 93' lang='lat' dir='ltr'>ut</span> <span class='ocrx_word' id='word_1_192' title='bbox 867 2230 903 2290; x_wconf 87' lang='lat' dir='ltr'>ad</span> <span class='ocrx_word' id='word_1_193' title='bbox 932 2230 1113 2309; x_wconf 81' lang='lat' dir='ltr'>propositam</span> <span class='ocrx_word' id='word_1_194' title='bbox 1142 2230 1180 2291; x_wconf 92' lang='lat' dir='ltr'>de</span> 
     </span>
     <span class='ocr_line' id='line_1_25' title="bbox 106 2312 1179 2392; baseline 0.001 -18"><span class='ocrx_word' id='word_1_195' title='bbox 106 2324 226 2375; x_wconf 85' lang='lat' dir='ltr'>auctore</span> <span class='ocrx_word' id='word_1_196' title='bbox 252 2312 455 2392; x_wconf 88' lang='lat' dir='ltr'>quaestionem</span> <span class='ocrx_word' id='word_1_197' title='bbox 483 2313 602 2373; x_wconf 86' lang='lat' dir='ltr'>tandem</span> <span class='ocrx_word' id='word_1_198' title='bbox 632 2313 789 2392; x_wconf 87' lang='lat' dir='ltr'>aliquando</span> <span class='ocrx_word' id='word_1_199' title='bbox 819 2313 988 2391; x_wconf 88' lang='lat' dir='ltr'>redeamus,</span> <span class='ocrx_word' id='word_1_200' title='bbox 1018 2314 1076 2374; x_wconf 89' lang='lat' dir='ltr'>hoe</span> <span class='ocrx_word' id='word_1_201' title='bbox 1098 2322 1179 2375; x_wconf 85' lang='lat' dir='ltr'>certe</span> 
     </span>
    </p>
   </div>
   <div class='ocr_carea' id='block_1_6' title="bbox 18 2396 1180 2478">
    <p class='ocr_par' dir='ltr' id='par_1_7' title="bbox 18 2396 1180 2478">
     <span class='ocr_line' id='line_1_26' title="bbox 18 2396 1180 2478; baseline -0.001 -17"><span class='ocrx_word' id='word_1_202' title='bbox 18 2422 23 2431; x_wconf 92' lang='lat'>·</span> <span class='ocrx_word' id='word_1_203' title='bbox 107 2398 257 2461; x_wconf 87' lang='lat' dir='ltr'>consecuti</span> <span class='ocrx_word' id='word_1_204' title='bbox 287 2415 391 2458; x_wconf 89' lang='lat' dir='ltr'>sumus</span> <span class='ocrx_word' id='word_1_205' title='bbox 417 2403 450 2458; x_wconf 93' lang='lat' dir='ltr'>ut</span> <span class='ocrx_word' id='word_1_206' title='bbox 479 2396 515 2457; x_wconf 91' lang='lat' dir='ltr'>ab</span> <span class='ocrx_word' id='word_1_207' title='bbox 544 2416 605 2458; x_wconf 92' lang='lat' dir='ltr'>uno</span> <span class='ocrx_word' id='word_1_208' title='bbox 628 2398 791 2478; x_wconf 89' lang='lat' dir='ltr'>eodemque</span> <span class='ocrx_word' id='word_1_209' title='bbox 813 2407 951 2478; x_wconf 90' lang='lat' dir='ltr'>quattuor</span> <span class='ocrx_word' id='word_1_210' title='bbox 972 2399 1027 2460; x_wconf 91' lang='lat' dir='ltr'>ista</span> <span class='ocrx_word' id='word_1_211' title='bbox 1050 2400 1180 2460; x_wconf 87' lang='lat' dir='ltr'>earmina</span> 
     </span>
    </p>
   </div>
   <div class='ocr_carea' id='block_1_7' title="bbox 18 2474 1196 4019">
    <p class='ocr_par' dir='ltr' id='par_1_8' title="bbox 18 2474 1196 4019">
     <span class='ocr_line' id='line_1_27' title="bbox 18 2474 1196 2565; baseline -0.002 -19"><span class='ocrx_word' id='word_1_212' title='bbox 18 2474 20 2519; x_wconf 66' lang='grc' dir='ltr'><strong><em>Ῡ</em></strong></span> <span class='ocrx_word' id='word_1_213' title='bbox 107 2485 212 2565; x_wconf 88' lang='lat' dir='ltr'>scripta</span> <span class='ocrx_word' id='word_1_214' title='bbox 235 2501 301 2545; x_wconf 89' lang='lat' dir='ltr'>esse</span> <span class='ocrx_word' id='word_1_215' title='bbox 323 2490 403 2543; x_wconf 81' lang='lat' dir='ltr'>extra</span> <span class='ocrx_word' id='word_1_216' title='bbox 425 2480 638 2544; x_wconf 86' lang='lat' dir='ltr'>dubitationem</span> <span class='ocrx_word' id='word_1_217' title='bbox 660 2483 791 2546; x_wconf 89' lang='lat' dir='ltr'>videatur</span> <span class='ocrx_word' id='word_1_218' title='bbox 813 2484 952 2564; x_wconf 88' lang='lat' dir='ltr'>positum.</span> <span class='ocrx_word' id='word_1_219' title='bbox 998 2484 1029 2545; x_wconf 94' lang='lat' dir='ltr'>in</span> <span class='ocrx_word' id='word_1_220' title='bbox 1060 2483 1196 2563; x_wconf 67' lang='lat' dir='ltr'>quibus,⁸</span> 
     </span>
     <span class='ocr_line' id='line_1_28' title="bbox 107 2566 1179 2647; baseline 0.001 -19"><span class='ocrx_word' id='word_1_221' title='bbox 107 2570 217 2631; x_wconf 88' lang='lat' dir='ltr'>etiamsi</span> <span class='ocrx_word' id='word_1_222' title='bbox 241 2567 401 2645; x_wconf 86' lang='lat' dir='ltr'>utrobique</span> <span class='ocrx_word' id='word_1_223' title='bbox 422 2566 582 2645; x_wconf 88' lang='lat' dir='ltr'>singularia</span> <span class='ocrx_word' id='word_1_224' title='bbox 603 2569 745 2647; x_wconf 83' lang='lat' dir='ltr'>quaedam</span> <span class='ocrx_word' id='word_1_225' title='bbox 767 2579 861 2630; x_wconf 89' lang='lat' dir='ltr'>metra</span> <span class='ocrx_word' id='word_1_226' title='bbox 882 2569 1092 2641; x_wconf 82' lang='lat' dir='ltr'>inveniuntur,</span> <span class='ocrx_word' id='word_1_227' title='bbox 1120 2579 1179 2629; x_wconf 88' lang='lat' dir='ltr'>tam</span> 
     </span>
     <span class='ocr_line' id='line_1_29' title="bbox 19 2652 1179 2739; baseline -0.001 -25"><span class='ocrx_word' id='word_1_228' title='bbox 19 2706 20 2739; x_wconf 59' lang='lat' dir='ltr'><em>z</em></span> <span class='ocrx_word' id='word_1_229' title='bbox 107 2654 234 2733; x_wconf 90' lang='lat' dir='ltr'>aequalis</span> <span class='ocrx_word' id='word_1_230' title='bbox 256 2669 396 2713; x_wconf 79' lang='lat' dir='ltr'>vemuum</span> <span class='ocrx_word' id='word_1_231' title='bbox 418 2652 644 2731; x_wconf 85' lang='lat' dir='ltr'>pangendorum</span> <span class='ocrx_word' id='word_1_232' title='bbox 666 2654 750 2728; x_wconf 85' lang='lat' dir='ltr'>ratio,</span> <span class='ocrx_word' id='word_1_233' title='bbox 774 2663 833 2714; x_wconf 87' lang='lat' dir='ltr'>tam</span> <span class='ocrx_word' id='word_1_234' title='bbox 856 2654 919 2733; x_wconf 91' lang='lat' dir='ltr'>pari</span> <span class='ocrx_word' id='word_1_235' title='bbox 941 2653 1028 2721; x_wconf 89' lang='lat' dir='ltr'>modo</span> <span class='ocrx_word' id='word_1_236' title='bbox 1051 2653 1179 2714; x_wconf 90' lang='lat' dir='ltr'>eircum-</span> 
     </span>
     <span class='ocr_line' id='line_1_30' title="bbox 108 2736 1179 2819; baseline 0 -19"><span class='ocrx_word' id='word_1_237' title='bbox 108 2738 206 2819; x_wconf 88' lang='lat' dir='ltr'>scripti</span> <span class='ocrx_word' id='word_1_238' title='bbox 227 2754 425 2800; x_wconf 89' lang='lat' dir='ltr'>numerorum</span> <span class='ocrx_word' id='word_1_239' title='bbox 445 2736 686 2818; x_wconf 87' lang='lat' dir='ltr'>usurpandorum</span> <span class='ocrx_word' id='word_1_240' title='bbox 707 2739 782 2800; x_wconf 80' lang='lat' dir='ltr'>fines</span> <span class='ocrx_word' id='word_1_241' title='bbox 798 2746 953 2818; x_wconf 88' lang='lat' dir='ltr'>apparent,</span> <span class='ocrx_word' id='word_1_242' title='bbox 977 2744 1035 2799; x_wconf 89' lang='lat' dir='ltr'>tam</span> <span class='ocrx_word' id='word_1_243' title='bbox 1050 2737 1179 2817; x_wconf 90' lang='lat' dir='ltr'>denique</span> 
     </span>
     <span class='ocr_line' id='line_1_31' title="bbox 108 2820 1179 2904; baseline -0.002 -18"><span class='ocrx_word' id='word_1_244' title='bbox 108 2823 208 2904; x_wconf 82' lang='lat' dir='ltr'>exigna</span> <span class='ocrx_word' id='word_1_245' title='bbox 237 2824 272 2885; x_wconf 89' lang='lat' dir='ltr'>in</span> <span class='ocrx_word' id='word_1_246' title='bbox 299 2830 427 2903; x_wconf 90' lang='lat' dir='ltr'>utroque</span> <span class='ocrx_word' id='word_1_247' title='bbox 455 2820 614 2902; x_wconf 87' lang='lat' dir='ltr'>eloquendi</span> <span class='ocrx_word' id='word_1_248' title='bbox 644 2832 672 2885; x_wconf 91' lang='lat' dir='ltr'>et</span> <span class='ocrx_word' id='word_1_249' title='bbox 699 2823 861 2887; x_wconf 86' lang='lat' dir='ltr'>sententias</span> <span class='ocrx_word' id='word_1_250' title='bbox 882 2822 919 2884; x_wconf 93' lang='lat' dir='ltr'>ad</span> <span class='ocrx_word' id='word_1_251' title='bbox 941 2831 1104 2884; x_wconf 88' lang='lat' dir='ltr'>metrorum</span> <span class='ocrx_word' id='word_1_252' title='bbox 1126 2842 1179 2884; x_wconf 90' lang='lat' dir='ltr'>an-</span> 
     </span>
     <span class='ocr_line' id='line_1_32' title="bbox 108 2906 1178 2987; baseline -0.002 -17"><span class='ocrx_word' id='word_1_253' title='bbox 108 2909 216 2986; x_wconf 89' lang='lat' dir='ltr'>gustias</span> <span class='ocrx_word' id='word_1_254' title='bbox 237 2907 397 2987; x_wconf 90' lang='lat' dir='ltr'>adaptandi</span> <span class='ocrx_word' id='word_1_255' title='bbox 418 2906 559 2982; x_wconf 78' lang='lat' dir='ltr'>facultas,</span> <span class='ocrx_word' id='word_1_256' title='bbox 582 2917 617 2969; x_wconf 91' lang='lat' dir='ltr'>ut</span> <span class='ocrx_word' id='word_1_257' title='bbox 636 2907 672 2968; x_wconf 90' lang='lat' dir='ltr'>ad</span> <span class='ocrx_word' id='word_1_258' title='bbox 695 2908 823 2970; x_wconf 87' lang='lat' dir='ltr'>cundem</span> <span class='ocrx_word' id='word_1_259' title='bbox 846 2907 950 2987; x_wconf 87' lang='lat' dir='ltr'>utique</span> <span class='ocrx_word' id='word_1_260' title='bbox 970 2914 1122 2968; x_wconf 84' lang='lat' dir='ltr'>auctorem</span> <span class='ocrx_word' id='word_1_261' title='bbox 1138 2912 1178 2968; x_wconf 91' lang='lat' dir='ltr'>&#39;ea</span> 
     </span>
     <span class='ocr_line' id='line_1_33' title="bbox 108 2990 1178 3072; baseline 0.001 -20"><span class='ocrx_word' id='word_1_262' title='bbox 108 2994 255 3056; x_wconf 89' lang='lat' dir='ltr'>rettuleris</span> <span class='ocrx_word' id='word_1_263' title='bbox 278 2992 302 3053; x_wconf 88' lang='lat' dir='ltr'>si</span> <span class='ocrx_word' id='word_1_264' title='bbox 325 2991 463 3072; x_wconf 87' lang='lat' dir='ltr'>adespota</span> <span class='ocrx_word' id='word_1_265' title='bbox 485 2993 741 3054; x_wconf 82' lang='lat' dir='ltr'>circumferantur.</span> <span class='ocrx_word' id='word_1_266' title='bbox 772 3002 860 3071; x_wconf 89' lang='lat' dir='ltr'>atque</span> <span class='ocrx_word' id='word_1_267' title='bbox 875 3010 913 3054; x_wconf 90' lang='lat' dir='ltr'>ne</span> <span class='ocrx_word' id='word_1_268' title='bbox 928 2991 959 3052; x_wconf 92' lang='lat' dir='ltr'>in</span> <span class='ocrx_word' id='word_1_269' title='bbox 974 2990 1097 3054; x_wconf 88' lang='lat' dir='ltr'>canticis</span> <span class='ocrx_word' id='word_1_270' title='bbox 1112 3002 1178 3053; x_wconf 90' lang='lat' dir='ltr'>tan-</span> 
     </span>
     <span class='ocr_line' id='line_1_34' title="bbox 109 3076 1178 3157; baseline 0.001 -19"><span class='ocrx_word' id='word_1_271' title='bbox 109 3085 165 3140; x_wconf 89' lang='lat' dir='ltr'>tum</span> <span class='ocrx_word' id='word_1_272' title='bbox 181 3078 248 3141; x_wconf 89' lang='lat' dir='ltr'>istis</span> <span class='ocrx_word' id='word_1_273' title='bbox 264 3077 492 3157; x_wconf 80' lang='lat' dir='ltr'>Agamemnonis</span> <span class='ocrx_word' id='word_1_274' title='bbox 507 3085 659 3139; x_wconf 89' lang='lat' dir='ltr'>auctorem</span> <span class='ocrx_word' id='word_1_275' title='bbox 671 3079 800 3140; x_wconf 90' lang='lat' dir='ltr'>Senecae</span> <span class='ocrx_word' id='word_1_276' title='bbox 815 3076 940 3139; x_wconf 88' lang='lat' dir='ltr'>similem</span> <span class='ocrx_word' id='word_1_277' title='bbox 956 3095 1021 3139; x_wconf 90' lang='lat' dir='ltr'>esse</span> <span class='ocrx_word' id='word_1_278' title='bbox 1036 3076 1178 3157; x_wconf 70' lang='lat' dir='ltr'>opineris</span> 
     </span>
     <span class='ocr_line' id='line_1_35' title="bbox 110 3161 1179 3243; baseline 0 -20"><span class='ocrx_word' id='word_1_279' title='bbox 110 3181 164 3225; x_wconf 92' lang='lat' dir='ltr'>non</span> <span class='ocrx_word' id='word_1_280' title='bbox 178 3165 294 3226; x_wconf 87' lang='lat' dir='ltr'>maiore</span> <span class='ocrx_word' id='word_1_281' title='bbox 310 3180 378 3224; x_wconf 89' lang='lat' dir='ltr'>cum</span> <span class='ocrx_word' id='word_1_282' title='bbox 393 3161 575 3224; x_wconf 89' lang='lat' dir='ltr'>dubitatione</span> <span class='ocrx_word' id='word_1_283' title='bbox 587 3162 617 3223; x_wconf 93' lang='lat' dir='ltr'>id</span> <span class='ocrx_word' id='word_1_284' title='bbox 632 3163 711 3242; x_wconf 92' lang='lat' dir='ltr'>quod</span> <span class='ocrx_word' id='word_1_285' title='bbox 724 3163 755 3224; x_wconf 89' lang='lat' dir='ltr'>in</span> <span class='ocrx_word' id='word_1_286' title='bbox 766 3163 822 3224; x_wconf 87' lang='lat' dir='ltr'>bac</span> <span class='ocrx_word' id='word_1_287' title='bbox 833 3162 1006 3241; x_wconf 86' lang='lat' dir='ltr'>quaestione</span> <span class='ocrx_word' id='word_1_288' title='bbox 1017 3162 1179 3243; x_wconf 89' lang='lat' dir='ltr'>plurimum</span> 
     </span>
     <span class='ocr_line' id='line_1_36' title="bbox 108 3247 1180 3329; baseline 0 -21"><span class='ocrx_word' id='word_1_289' title='bbox 108 3249 176 3311; x_wconf 80' lang='lat' dir='ltr'>valet</span> <span class='ocrx_word' id='word_1_290' title='bbox 191 3247 389 3329; x_wconf 87' lang='lat' dir='ltr'>pronuntiare</span> <span class='ocrx_word' id='word_1_291' title='bbox 400 3265 532 3327; x_wconf 83' lang='lat' dir='ltr'>possum,</span> <span class='ocrx_word' id='word_1_292' title='bbox 549 3247 689 3309; x_wconf 80' lang='lat' dir='ltr'>nimirum</span> <span class='ocrx_word' id='word_1_293' title='bbox 701 3248 732 3309; x_wconf 93' lang='lat' dir='ltr'>in</span> <span class='ocrx_word' id='word_1_294' title='bbox 744 3255 804 3310; x_wconf 90' lang='lat' dir='ltr'>tota</span> <span class='ocrx_word' id='word_1_295' title='bbox 818 3251 1037 3324; x_wconf 79' lang='lat' dir='ltr'>Agamemnone</span> <span class='ocrx_word' id='word_1_296' title='bbox 1049 3248 1180 3309; x_wconf 89' lang='lat' dir='ltr'>Senecae</span> 
     </span>
     <span class='ocr_line' id='line_1_37' title="bbox 109 3331 1179 3411; baseline 0 -19"><span class='ocrx_word' id='word_1_297' title='bbox 109 3350 223 3395; x_wconf 87' lang='lat' dir='ltr'>manum</span> <span class='ocrx_word' id='word_1_298' title='bbox 246 3332 407 3411; x_wconf 89' lang='lat' dir='ltr'>stilumque</span> <span class='ocrx_word' id='word_1_299' title='bbox 431 3349 493 3394; x_wconf 92' lang='lat' dir='ltr'>non</span> <span class='ocrx_word' id='word_1_300' title='bbox 516 3332 615 3394; x_wconf 87' lang='lat' dir='ltr'>minus</span> <span class='ocrx_word' id='word_1_301' title='bbox 637 3333 715 3394; x_wconf 90' lang='lat' dir='ltr'>clare</span> <span class='ocrx_word' id='word_1_302' title='bbox 737 3332 857 3411; x_wconf 86' lang='lat' dir='ltr'>agnosci</span> <span class='ocrx_word' id='word_1_303' title='bbox 880 3350 969 3411; x_wconf 90' lang='lat' dir='ltr'>quam</span> <span class='ocrx_word' id='word_1_304' title='bbox 991 3334 1021 3394; x_wconf 95' lang='lat' dir='ltr'>in</span> <span class='ocrx_word' id='word_1_305' title='bbox 1042 3331 1179 3393; x_wconf 89' lang='lat' dir='ltr'>Herculis</span> 
     </span>
     <span class='ocr_line' id='line_1_38' title="bbox 110 3414 1178 3498; baseline -0.001 -21"><span class='ocrx_word' id='word_1_306' title='bbox 110 3416 205 3481; x_wconf 80' lang='lat' dir='ltr'>Oetaei</span> <span class='ocrx_word' id='word_1_307' title='bbox 228 3418 320 3480; x_wconf 90' lang='lat' dir='ltr'>altera</span> <span class='ocrx_word' id='word_1_308' title='bbox 342 3424 426 3498; x_wconf 91' lang='lat' dir='ltr'>parte</span> <span class='ocrx_word' id='word_1_309' title='bbox 447 3435 568 3478; x_wconf 88' lang='lat' dir='ltr'>manum</span> <span class='ocrx_word' id='word_1_310' title='bbox 583 3416 619 3478; x_wconf 94' lang='lat' dir='ltr'>ab</span> <span class='ocrx_word' id='word_1_311' title='bbox 634 3417 684 3480; x_wconf 91' lang='lat' dir='ltr'>illo</span> <span class='ocrx_word' id='word_1_312' title='bbox 701 3417 859 3479; x_wconf 83' lang='lat' dir='ltr'>diversam:</span> <span class='ocrx_word' id='word_1_313' title='bbox 882 3417 912 3478; x_wconf 91' lang='lat' dir='ltr'>id</span> <span class='ocrx_word' id='word_1_314' title='bbox 928 3416 1008 3496; x_wconf 91' lang='lat' dir='ltr'>quod</span> <span class='ocrx_word' id='word_1_315' title='bbox 1024 3415 1069 3477; x_wconf 89' lang='lat' dir='ltr'>vel</span> <span class='ocrx_word' id='word_1_316' title='bbox 1084 3414 1178 3476; x_wconf 89' lang='lat' dir='ltr'>multo</span> 
     </span>
     <span class='ocr_line' id='line_1_39' title="bbox 109 3500 1179 3582; baseline -0.004 -16"><span class='ocrx_word' id='word_1_317' title='bbox 109 3503 289 3581; x_wconf 81' lang='lat' dir='ltr'>gravioribus</span> <span class='ocrx_word' id='word_1_318' title='bbox 317 3502 499 3581; x_wconf 86' lang='lat' dir='ltr'>argumentis</span> <span class='ocrx_word' id='word_1_319' title='bbox 528 3520 614 3582; x_wconf 90' lang='lat' dir='ltr'>quam</span> <span class='ocrx_word' id='word_1_320' title='bbox 644 3503 679 3564; x_wconf 88' lang='lat' dir='ltr'>ab</span> <span class='ocrx_word' id='word_1_321' title='bbox 705 3502 769 3565; x_wconf 89' lang='lat' dir='ltr'>aliis</span> <span class='ocrx_word' id='word_1_322' title='bbox 792 3501 913 3564; x_wconf 88' lang='lat' dir='ltr'>nobisve</span> <span class='ocrx_word' id='word_1_323' title='bbox 935 3500 1032 3563; x_wconf 83' lang='lat' dir='ltr'>afferri</span> <span class='ocrx_word' id='word_1_324' title='bbox 1054 3509 1179 3581; x_wconf 91' lang='lat' dir='ltr'>potuere</span> 
     </span>
     <span class='ocr_line' id='line_1_40' title="bbox 111 3578 1179 3669; baseline 0 -24"><span class='ocrx_word' id='word_1_325' title='bbox 111 3578 279 3669; x_wconf 79' lang='lat' dir='ltr'>cirrisque</span> <span class='ocrx_word' id='word_1_326' title='bbox 302 3588 454 3649; x_wconf 83' lang='lat' dir='ltr'>extenuari</span> <span class='ocrx_word' id='word_1_327' title='bbox 478 3595 574 3666; x_wconf 88' lang='lat' dir='ltr'>queat.</span> <span class='ocrx_word' id='word_1_328' title='bbox 618 3587 658 3650; x_wconf 90' lang='lat' dir='ltr'>ita</span> <span class='ocrx_word' id='word_1_329' title='bbox 679 3595 776 3657; x_wconf 88' lang='lat' dir='ltr'>autem</span> <span class='ocrx_word' id='word_1_330' title='bbox 799 3588 905 3663; x_wconf 86' lang='lat' dir='ltr'>sentio,</span> <span class='ocrx_word' id='word_1_331' title='bbox 928 3589 1179 3666; x_wconf 75' lang='lat' dir='ltr'>Agamemnonem</span> 
     </span>
     <span class='ocr_line' id='line_1_41' title="bbox 22 3670 1179 3753; baseline -0.001 -22"><span class='ocrx_word' id='word_1_332' title='bbox 22 3678 23 3701; x_wconf 65' lang='lat'>³</span> <span class='ocrx_word' id='word_1_333' title='bbox 110 3670 182 3735; x_wconf 90' lang='lat' dir='ltr'>inter</span> <span class='ocrx_word' id='word_1_334' title='bbox 199 3674 331 3735; x_wconf 91' lang='lat' dir='ltr'>Senecae</span> <span class='ocrx_word' id='word_1_335' title='bbox 353 3673 518 3752; x_wconf 89' lang='lat' dir='ltr'>tragoedias</span> <span class='ocrx_word' id='word_1_336' title='bbox 540 3691 603 3733; x_wconf 91' lang='lat' dir='ltr'>earn</span> <span class='ocrx_word' id='word_1_337' title='bbox 619 3691 786 3752; x_wconf 86' lang='lat' dir='ltr'>essequam</span> <span class='ocrx_word' id='word_1_338' title='bbox 802 3672 926 3753; x_wconf 89' lang='lat' dir='ltr'>primam</span> <span class='ocrx_word' id='word_1_339' title='bbox 942 3671 1071 3752; x_wconf 86' lang='lat' dir='ltr'>scripsit,</span> <span class='ocrx_word' id='word_1_340' title='bbox 1090 3670 1179 3732; x_wconf 91' lang='lat' dir='ltr'>Oedi-</span> 
     </span>
     <span class='ocr_line' id='line_1_42' title="bbox 110 3756 1181 3837; baseline -0.002 -18"><span class='ocrx_word' id='word_1_341' title='bbox 110 3775 176 3835; x_wconf 88' lang='lat' dir='ltr'>pum</span> <span class='ocrx_word' id='word_1_342' title='bbox 199 3759 378 3833; x_wconf 90' lang='lat' dir='ltr'>secundam;</span> <span class='ocrx_word' id='word_1_343' title='bbox 408 3775 468 3837; x_wconf 91' lang='lat' dir='ltr'>quo</span> <span class='ocrx_word' id='word_1_344' title='bbox 491 3758 599 3820; x_wconf 89' lang='lat' dir='ltr'>factum</span> <span class='ocrx_word' id='word_1_345' title='bbox 622 3766 665 3821; x_wconf 90' lang='lat' dir='ltr'>est</span> <span class='ocrx_word' id='word_1_346' title='bbox 688 3758 774 3820; x_wconf 90' lang='lat' dir='ltr'>etiam</span> <span class='ocrx_word' id='word_1_347' title='bbox 796 3767 831 3819; x_wconf 89' lang='lat' dir='ltr'>ut</span> <span class='ocrx_word' id='word_1_348' title='bbox 851 3756 899 3819; x_wconf 87' lang='lat' dir='ltr'>illa</span> <span class='ocrx_word' id='word_1_349' title='bbox 921 3756 1062 3819; x_wconf 82' lang='lat' dir='ltr'>laxiorem</span> <span class='ocrx_word' id='word_1_350' title='bbox 1084 3756 1181 3818; x_wconf 92' lang='lat' dir='ltr'>adbuc</span> 
     </span>
     <span class='ocr_line' id='line_1_43' title="bbox 111 3841 1180 3925; baseline 0.002 -25"><span class='ocrx_word' id='word_1_351' title='bbox 111 3844 213 3907; x_wconf 90' lang='lat' dir='ltr'>referat</span> <span class='ocrx_word' id='word_1_352' title='bbox 239 3852 465 3925; x_wconf 89' lang='lat' dir='ltr'>anapaestorum</span> <span class='ocrx_word' id='word_1_353' title='bbox 494 3843 717 3906; x_wconf 89' lang='lat' dir='ltr'>condendorum</span> <span class='ocrx_word' id='word_1_354' title='bbox 748 3851 850 3905; x_wconf 90' lang='lat' dir='ltr'>artem.</span> <span class='ocrx_word' id='word_1_355' title='bbox 901 3841 1049 3921; x_wconf 86' lang='lat' dir='ltr'>Oedipum</span> <span class='ocrx_word' id='word_1_356' title='bbox 1080 3849 1180 3905; x_wconf 89' lang='lat' dir='ltr'>autem</span> 
     </span>
     <span class='ocr_line' id='line_1_44' title="bbox 24 3926 1178 4019; baseline -0.003 -30"><span class='ocrx_word' id='word_1_357' title='bbox 24 3998 26 4019; x_wconf 25' lang='lat' dir='ltr'><em>r</em></span> <span class='ocrx_word' id='word_1_358' title='bbox 112 3929 217 3993; x_wconf 89' lang='lat' dir='ltr'>scimus</span> <span class='ocrx_word' id='word_1_359' title='bbox 238 3929 343 3992; x_wconf 90' lang='lat' dir='ltr'>saltem</span> <span class='ocrx_word' id='word_1_360' title='bbox 365 3938 433 3991; x_wconf 91' lang='lat' dir='ltr'>ante</span> <span class='ocrx_word' id='word_1_361' title='bbox 454 3927 632 3991; x_wconf 79' lang='lat' dir='ltr'>Phoenissae</span> <span class='ocrx_word' id='word_1_362' title='bbox 650 3929 790 4009; x_wconf 87' lang='lat' dir='ltr'>scriptam</span> <span class='ocrx_word' id='word_1_363' title='bbox 805 3945 880 4003; x_wconf 87' lang='lat' dir='ltr'>esse,</span> <span class='ocrx_word' id='word_1_364' title='bbox 902 3927 932 3989; x_wconf 96' lang='lat' dir='ltr'>id</span> <span class='ocrx_word' id='word_1_365' title='bbox 948 3927 1028 4008; x_wconf 93' lang='lat' dir='ltr'>quod</span> <span class='ocrx_word' id='word_1_366' title='bbox 1043 3945 1097 3991; x_wconf 90' lang='lat' dir='ltr'>suo</span> <span class='ocrx_word' id='word_1_367' title='bbox 1112 3926 1178 3987; x_wconf 91' lang='lat' dir='ltr'>loco</span> 
     </span>
    </p>
   </div>
   <div class='ocr_carea' id='block_1_8' title="bbox 0 0 1352 4482">
    <p class='ocr_par' dir='ltr' id='par_1_9' title="bbox 0 0 1352 4482">
     <span class='ocr_line' id='line_1_45' title="bbox 0 0 1352 4482; baseline 0 0"><span class='ocrx_word' id='word_1_368' title='bbox 0 0 1352 4482; x_wconf 95' lang='lat' dir='ltr'> </span> 
     </span>
    </p>
   </div>
  </div>
 </body>
</html>
