2658 4488
157 239 220 302 232
542 258 570 299 a.
593 258 697 302 annam
719 258 847 302 seurota

158 427 245 469 naeu.
290 407 345 468 llio
356 407 445 471 Troia
457 427 518 470 non
531 419 585 471 eet.
624 427 699 470 cass.
715 408 769 470 Vbi
782 407 893 470 Helena
905 419 950 471 est
961 408 1078 471 Troiam
1089 419 1176 488 puto.
1190 421 1243 471 ‘195
1309 414 1310 417 ’

157 512 244 554 aean.
288 492 331 554 Ne
354 503 452 555 metue
475 493 624 555 dominam
646 495 763 556 lamule.
807 513 884 555 uass.
929 493 1061 556 Libertas
1084 495 1178 558 adest.

157 597 243 639 uoau.
288 578 399 640 Seoura
420 578 492 640 rire.
538 598 614 640 cass.
658 578 730 640 Mihi
752 580 827 641 mori
850 588 895 640 est
917 582 1068 641 securitas.

157 681 244 725 eoru.
288 662 408 724 Nullum
423 671 469 725 est
483 664 627 744 periclum
642 662 765 725 tibimet.
810 682 886 725 mss.
916 666 1107 743 Atmagnum
1123 664 1191 727 tibi.

158 766 243 809 aean.
289 747 388 810 Victor
410 749 514 810 timere
537 748 608 828 quid
629 745 749 829 potest?
792 767 868 810 cess.
912 749 997 821 Quod
1013 768 1074 811 non
1094 750 1192 810 timet.

157 850 244 893 usin.
288 831 372 894 Hane
394 833 450 895 llda
472 834 573 895 famuli
596 833 692 909 turba,
715 834 785 895 dum
808 835 936 898 excutiat
958 836 1055 910 deum,
1189 844 1246 895 800

156 917 282 979 retinete
304 937 343 979 ne
365 918 437 997 quid
459 918 607 999 impotens
629 928 734 998 peooet
753 920 849 981 luror.

157 1011 186 1063 at
208 1011 247 1077 te,
270 1013 363 1082 pater,
387 1004 438 1084 qui
460 1022 543 1065 saeva
564 1014 688 1083 torques
709 1004 832 1066 fulmina

158 1087 305 1167 pellisque
328 1088 432 1164 nubes,
456 1089 552 1150 sidera
574 1101 603 1151 et
624 1099 718 1150 terras
740 1089 831 1167 regis,

157 1172 193 1234 ad
216 1191 305 1252 quem
328 1172 471 1253 triumphi
494 1172 588 1254 spolia
610 1174 735 1236 victores
757 1175 868 1250 lerunt,

159 1266 189 1318 et
210 1266 239 1319 te
262 1276 394 1319 sororem
417 1268 524 1320 euuota
546 1258 686 1338 pollentis
709 1259 773 1333 viri,

158 1342 293 1421 Argolica
316 1342 402 1419 luno,
424 1361 533 1422 peoora
554 1343 649 1404 votivo
671 1343 767 1405 libens

161 1427 351 1508 Arabumque
373 1427 459 1490 donis
481 1428 617 1508 supplice
639 1438 669 1490 et
691 1429 762 1490 libra
785 1428 888 1491 oolam.

512 1580 660 1643 CHORVS

250 1724 263 1732 -.
363 1684 458 1760 Argos
480 1681 631 1744 nobilibus
653 1681 752 1743 nobile
775 1682 897 1759 civibus,

312 1771 407 1846 Argos
428 1767 518 1828 iratae
541 1786 641 1828 carum
666 1784 817 1845 novercae,

311 1868 429 1932 semper
450 1852 587 1932 ingentes
609 1854 744 1914 alumnos

312 1936 428 2010 eduoas,
452 1955 610 1999 numerum
634 1938 757 1999 deorum

312 2023 455 2102 imparem
477 2023 624 2102 aequasti:
649 2030 718 2084 tuus
740 2022 789 2083 ille

311 2107 358 2168 bis
379 2125 453 2170 sono
475 2108 584 2170 meruit
605 2107 704 2169 labore

311 2191 405 2271 adlegi
429 2193 509 2254 eaelo

312 2294 438 2355 maguus
459 2277 586 2352 illudes,
610 2278 659 2337 eui
681 2276 747 2355 lege
768 2276 871 2338 mundi

312 2361 446 2441 luppiter
466 2370 554 2441 rupta
576 2361 734 2439 geminavit
755 2362 843 2422 boras

312 2445 446 2507 roscidae
469 2446 565 2506 noetis
588 2446 734 2526 iussitque
755 2446 909 2508 Phoebum

313 2530 425 2594 tardius
448 2530 559 2592 celeres
580 2530 691 2608 agitare
718 2548 825 2592 currus

313 2625 341 2677 et
362 2624 427 2676 tuas
450 2616 529 2677 lente
551 2634 683 2690 remeare
704 2616 797 2695 bigas,

312 2700 418 2779 pallida
441 2700 574 2775 Phoebe3

313 2785 426 2847 rettulit
447 2785 553 2864 pedem

315 2888 425 2932 nomen
447 2870 568 2932 alternis
591 2870 673 2932 stella
695 2886 771 2949 quae
793 2876 888 2929 mutat

314 2972 406 3034 seque
427 2955 531 3017 mirata
553 2965 599 3017 est
619 2954 786 3034 Hesperum
808 2953 880 3028 dioi3

214 3084 218 3092 .
314 3042 428 3101 Aurora
452 3041 541 3103 movit
563 3041 598 3103 ad
620 3040 721 3103 solitas
742 3038 820 3100 vices

265 3134 270 3151 ¹
314 3132 403 3204 caput
429 3133 458 3186 et
480 3125 615 3188 relabens
637 3124 780 3204 imposuit
801 3123 865 3205 sepi

312 3209 421 3270 collum
443 3210 557 3271 marito.

314 3293 408 3355 sensit
430 3304 523 3369 ortus,
546 3294 639 3357 sensit
660 3312 783 3358 ocoasus

247 3445 296 3496 797
315 3459 384 3496 mors
405 3443 467 3495 mibi
491 3450 531 3496 est
554 3459 605 3496 seo.
627 3445 653 3495 A
739 3446 788 3497 798
812 3443 1002 3511 periculnmE.
1027 3441 1130 3493 -tibi
1154 3444 1239 3493 estA
1309 3460 1310 3479 ³

161 3527 273 3563 scaenae
296 3514 454 3564 inscribitur
472 3511 576 3564 Chorus.
599 3511 738 3564 Cassandra
756 3511 781 3561 A
804 3511 900 3563 Chorus
918 3512 943 3562 A
1012 3510 1045 3562 de
1063 3511 1112 3561 boe
1131 3512 1233 3562 cantico

163 3578 198 3640 os.
215 3579 245 3644 I,
263 3580 322 3633 119.
339 3580 391 3633 130
464 3582 600 3633 810-818
623 3592 703 3646 semp.
726 3579 790 3647 ing.
813 3578 861 3631 ed.
883 3577 920 3631 al.
943 3578 947 3647 Ι
969 3579 1040 3646 imp.
1062 3592 1130 3645 aeq.
1154 3592 1233 3631 num.

162 3646 247 3700 deor.
263 3647 268 3715 Ι
283 3650 342 3700 tuus
353 3649 470 3701 -labore
485 3649 491 3714 Ι
506 3647 725 3715 allegi-Alcides
739 3647 746 3715 Ι
760 3647 802 3699 oui
812 3676 832 3685 -
843 3651 917 3714 rupta
933 3647 937 3714 Ι
952 3661 1036 3699 rose.
1054 3652 1141 3697 noct.
1159 3660 1232 3712 gem.

161 3714 232 3769 bor.
248 3714 253 3782 Ι
268 3715 329 3769 iuss.
340 3744 362 3754 -
373 3717 468 3769 celeres
483 3717 488 3783 Ι
503 3715 676 3783 agit—lente
691 3718 695 3778 l
711 3714 912 3767 rem-Phoebe
929 3716 954 3767 A
1005 3717 1054 3767 815
1072 3714 1081 3765 i
1089 3713 1236 3781 ppiterB

162 3785 212 3836 818
231 3783 365 3835 eandida
383 3784 486 3837 Phoebe
503 3786 529 3835 A
591 3786 727 3837 sto-ara
746 3784 934 3837 ret-alternis
949 3784 954 3851 l
969 3782 1124 3835 stella-est
1139 3788 1145 3849 1
1158 3781 1231 3847 llesp.

161 3854 301 3902 -movet
316 3852 321 3918 l
336 3852 368 3902 ad
385 3867 406 3904 s.
423 3866 448 3904 v.
464 3854 469 3917 Ι
484 3851 671 3918 eaput-senil
686 3869 708 3904 o.
725 3867 759 3903 m.
777 3852 803 3902 Ε
827 3857 874 3903 ret.
897 3868 922 3919 p.
941 3853 995 3904 alt.
1019 3865 1096 3903 nom.
1113 3850 1117 3914 Ι
1132 3849 1233 3901 stelli-

162 3920 201 3966 est
216 3918 221 3980 Ι
237 3917 312 3983 Hesp.
324 3946 344 3954 -
359 3921 441 3972 movit
455 3920 460 3986 l
475 3918 507 3970 ad
519 3949 537 3957 -
551 3919 667 3971 relabens
684 3919 688 3986 Ι
702 3921 896 3987 impos-mar.
915 3921 941 3972 A
1010 3921 1059 3972 819
1076 3917 1192 3970 retulit
1207 3917 1235 3967 Ε

162 3983 345 4048 retulitque
362 3986 388 4036 A
458 3990 506 4039 823
525 3988 616 4038 senis
634 3987 770 4039 humero
788 3987 897 4039 mariti
914 3990 940 4039 A
