<?xml version="1.0" encoding="UTF-8"?>
<!DOCTYPE html PUBLIC "-//W3C//DTD XHTML 1.0 Transitional//EN"
    "http://www.w3.org/TR/xhtml1/DTD/xhtml1-transitional.dtd">
<html xmlns="http://www.w3.org/1999/xhtml" xml:lang="en" lang="en">
 <head>
  <title>
</title>
<meta http-equiv="Content-Type" content="text/html;charset=utf-8" />
  <meta name='ocr-system' content='tesseract 3.04.00' />
  <meta name='ocr-capabilities' content='ocr_page ocr_carea ocr_par ocr_line ocrx_word'/>
</head>
<body>
  <div class='ocr_page' id='page_1' title='image "./lannaeisenecaet00leogoog_0522.png"; bbox 0 0 2658 4488; ppageno 0'>
   <div class='ocr_carea' id='block_1_1' title="bbox 542 254 716 298">
    <p class='ocr_par' dir='ltr' id='par_1_1' title="bbox 542 254 716 298">
     <span class='ocr_line' id='line_1_1' title="bbox 542 254 716 298; baseline 0.006 -1"><span class='ocrx_word' id='word_1_1' title='bbox 542 254 716 298; x_wconf 68' lang='lat' dir='ltr'>autumna</span> 
     </span>
    </p>
   </div>
   <div class='ocr_carea' id='block_1_2' title="bbox 78 403 943 3032">
    <p class='ocr_par' dir='ltr' id='par_1_2' title="bbox 78 403 943 1752">
     <span class='ocr_line' id='line_1_2' title="bbox 178 403 854 485; baseline 0.004 -20"><span class='ocrx_word' id='word_1_2' title='bbox 178 403 235 465; x_wconf 88' lang='lat' dir='ltr'>Sed</span> <span class='ocrx_word' id='word_1_3' title='bbox 258 421 313 465; x_wconf 90' lang='lat' dir='ltr'>our</span> <span class='ocrx_word' id='word_1_4' title='bbox 334 410 460 464; x_wconf 89' lang='lat' dir='ltr'>sacratas</span> <span class='ocrx_word' id='word_1_5' title='bbox 482 404 591 484; x_wconf 81' lang='lat' dir='ltr'>deripis</span> <span class='ocrx_word' id='word_1_6' title='bbox 614 405 702 485; x_wconf 87' lang='lat' dir='ltr'>capiti</span> <span class='ocrx_word' id='word_1_7' title='bbox 723 405 854 470; x_wconf 77' lang='lat' dir='ltr'>infulas?</span> 
     </span>
     <span class='ocr_line' id='line_1_3' title="bbox 78 487 797 571; baseline 0.006 -22"><span class='ocrx_word' id='word_1_8' title='bbox 78 489 209 571; x_wconf 86' lang='lat' dir='ltr'>miseris</span> <span class='ocrx_word' id='word_1_9' title='bbox 231 487 371 550; x_wconf 89' lang='lat' dir='ltr'>colendos</span> <span class='ocrx_word' id='word_1_10' title='bbox 393 487 518 549; x_wconf 81' lang='lat' dir='ltr'><strong>maxime</strong></span> <span class='ocrx_word' id='word_1_11' title='bbox 540 508 664 569; x_wconf 88' lang='lat' dir='ltr'>superos</span> <span class='ocrx_word' id='word_1_12' title='bbox 686 499 797 570; x_wconf 90' lang='lat' dir='ltr'>putem.</span> 
     </span>
     <span class='ocr_line' id='line_1_4' title="bbox 89 573 869 638; baseline 0.003 -2"><span class='ocrx_word' id='word_1_13' title='bbox 89 594 168 636; x_wconf 80' lang='lat' dir='ltr'>cass.</span> <span class='ocrx_word' id='word_1_14' title='bbox 213 573 316 636; x_wconf 82' lang='lat' dir='ltr'>Vicere</span> <span class='ocrx_word' id='word_1_15' title='bbox 339 581 439 634; x_wconf 92' lang='lat' dir='ltr'>nostra</span> <span class='ocrx_word' id='word_1_16' title='bbox 461 574 517 634; x_wconf 93' lang='lat' dir='ltr'>iam</span> <span class='ocrx_word' id='word_1_17' title='bbox 539 584 637 636; x_wconf 87' lang='lat' dir='ltr'>metus</span> <span class='ocrx_word' id='word_1_18' title='bbox 661 595 764 638; x_wconf 89' lang='lat' dir='ltr'>omnes</span> <span class='ocrx_word' id='word_1_19' title='bbox 786 578 869 638; x_wconf 89' lang='lat' dir='ltr'>mala.</span> 
     </span>
     <span class='ocr_line' id='line_1_5' title="bbox 89 654 748 740; baseline 0.003 -19"><span class='ocrx_word' id='word_1_20' title='bbox 89 659 229 739; x_wconf 82' lang='lat' dir='ltr'>equidem</span> <span class='ocrx_word' id='word_1_21' title='bbox 253 677 309 720; x_wconf 89' lang='lat' dir='ltr'>nec</span> <span class='ocrx_word' id='word_1_22' title='bbox 330 657 389 719; x_wconf 90' lang='lat' dir='ltr'>ulla</span> <span class='ocrx_word' id='word_1_23' title='bbox 411 658 528 721; x_wconf 88' lang='lat' dir='ltr'>caelites</span> <span class='ocrx_word' id='word_1_24' title='bbox 550 654 635 739; x_wconf 87' lang='lat' dir='ltr'>plaoo</span> <span class='ocrx_word' id='word_1_25' title='bbox 657 679 748 740; x_wconf 88' lang='lat' dir='ltr'>prece</span> 
     </span>
     <span class='ocr_line' id='line_1_6' title="bbox 89 743 832 822; baseline 0.004 -17"><span class='ocrx_word' id='word_1_26' title='bbox 89 763 158 818; x_wconf 88' lang='lat' dir='ltr'>nec,</span> <span class='ocrx_word' id='word_1_27' title='bbox 181 745 206 805; x_wconf 92' lang='lat' dir='ltr'>si</span> <span class='ocrx_word' id='word_1_28' title='bbox 229 744 319 805; x_wconf 85' lang='lat' dir='ltr'>velint</span> <span class='ocrx_word' id='word_1_29' title='bbox 339 743 460 818; x_wconf 87' lang='lat' dir='ltr'>saevire,</span> <span class='ocrx_word' id='word_1_30' title='bbox 483 762 543 822; x_wconf 92' lang='lat' dir='ltr'>quo</span> <span class='ocrx_word' id='word_1_31' title='bbox 566 756 694 808; x_wconf 82' lang='lat' dir='ltr'>noceant</span> <span class='ocrx_word' id='word_1_32' title='bbox 715 746 832 808; x_wconf 86' lang='lat' dir='ltr'>hahent.</span> 
     </span>
     <span class='ocr_line' id='line_1_7' title="bbox 88 829 713 910; baseline 0.002 -20"><span class='ocrx_word' id='word_1_33' title='bbox 88 830 221 890; x_wconf 81' lang='lat' dir='ltr'><strong>Fortuna</strong></span> <span class='ocrx_word' id='word_1_34' title='bbox 244 829 320 890; x_wconf 84' lang='lat' dir='ltr'>uires</span> <span class='ocrx_word' id='word_1_35' title='bbox 342 829 406 906; x_wconf 93' lang='lat' dir='ltr'>ipsa</span> <span class='ocrx_word' id='word_1_36' title='bbox 428 830 614 910; x_wconf 79' lang='lat' dir='ltr'><strong>consumpsit</strong></span> <span class='ocrx_word' id='word_1_37' title='bbox 635 848 713 891; x_wconf 82' lang='lat' dir='ltr'>suas</span> 
     </span>
     <span class='ocr_line' id='line_1_8' title="bbox 88 914 921 995; baseline 0.001 -19"><span class='ocrx_word' id='word_1_38' title='bbox 88 933 166 993; x_wconf 88' lang='lat' dir='ltr'>quae</span> <span class='ocrx_word' id='word_1_39' title='bbox 189 915 281 995; x_wconf 90' lang='lat' dir='ltr'>patria</span> <span class='ocrx_word' id='word_1_40' title='bbox 304 920 403 988; x_wconf 90' lang='lat' dir='ltr'>restat,</span> <span class='ocrx_word' id='word_1_41' title='bbox 427 914 493 992; x_wconf 89' lang='lat' dir='ltr'>quis</span> <span class='ocrx_word' id='word_1_42' title='bbox 516 922 609 994; x_wconf 91' lang='lat' dir='ltr'>pater,</span> <span class='ocrx_word' id='word_1_43' title='bbox 633 934 709 993; x_wconf 88' lang='lat' dir='ltr'>quae</span> <span class='ocrx_word' id='word_1_44' title='bbox 730 916 789 978; x_wconf 90' lang='lat' dir='ltr'>iam</span> <span class='ocrx_word' id='word_1_45' title='bbox 811 914 921 978; x_wconf 81' lang='lat' dir='ltr'>soror?</span> 
     </span>
     <span class='ocr_line' id='line_1_9' title="bbox 88 999 849 1079; baseline 0.001 -20"><span class='ocrx_word' id='word_1_46' title='bbox 88 999 193 1061; x_wconf 90' lang='lat' dir='ltr'>bibere</span> <span class='ocrx_word' id='word_1_47' title='bbox 216 999 321 1060; x_wconf 92' lang='lat' dir='ltr'>tumuli</span> <span class='ocrx_word' id='word_1_48' title='bbox 344 999 520 1075; x_wconf 80' lang='lat' dir='ltr'>sanguinem</span> <span class='ocrx_word' id='word_1_49' title='bbox 541 1007 630 1079; x_wconf 89' lang='lat' dir='ltr'>atque</span> <span class='ocrx_word' id='word_1_50' title='bbox 651 1018 718 1061; x_wconf 89' lang='lat' dir='ltr'>arae</span> <span class='ocrx_word' id='word_1_51' title='bbox 739 1018 849 1063; x_wconf 89' lang='lat' dir='ltr'>meum.</span> 
     </span>
     <span class='ocr_line' id='line_1_10' title="bbox 89 1079 719 1164; baseline -0.002 -18"><span class='ocrx_word' id='word_1_52' title='bbox 89 1084 163 1164; x_wconf 93' lang='lat' dir='ltr'>quid</span> <span class='ocrx_word' id='word_1_53' title='bbox 186 1084 234 1146; x_wconf 94' lang='lat' dir='ltr'>illa</span> <span class='ocrx_word' id='word_1_54' title='bbox 254 1083 325 1145; x_wconf 82' lang='lat' dir='ltr'>felix</span> <span class='ocrx_word' id='word_1_55' title='bbox 346 1079 435 1143; x_wconf 55' lang='lat' dir='ltr'>turba¹</span> <span class='ocrx_word' id='word_1_56' title='bbox 452 1084 576 1146; x_wconf 78' lang='lat' dir='ltr'>fraterni</span> <span class='ocrx_word' id='word_1_57' title='bbox 598 1083 719 1163; x_wconf 76' lang='lat' dir='ltr'>gregis?</span> 
     </span>
     <span class='ocr_line' id='line_1_11' title="bbox 90 1167 713 1248; baseline -0.003 -16"><span class='ocrx_word' id='word_1_58' title='bbox 90 1171 232 1232; x_wconf 85' lang='lat' dir='ltr'>exhausta</span> <span class='ocrx_word' id='word_1_59' title='bbox 255 1187 377 1248; x_wconf 87' lang='lat' dir='ltr'>nempe:</span> <span class='ocrx_word' id='word_1_60' title='bbox 401 1168 482 1246; x_wconf 84' lang='lat' dir='ltr'>regia</span> <span class='ocrx_word' id='word_1_61' title='bbox 503 1169 603 1230; x_wconf 92' lang='lat' dir='ltr'>miseri</span> <span class='ocrx_word' id='word_1_62' title='bbox 625 1167 713 1231; x_wconf 87' lang='lat' dir='ltr'>senes</span> 
     </span>
     <span class='ocr_line' id='line_1_12' title="bbox 90 1253 802 1334; baseline 0.004 -21"><span class='ocrx_word' id='word_1_63' title='bbox 90 1272 181 1316; x_wconf 88' lang='lat' dir='ltr'>vacua</span> <span class='ocrx_word' id='word_1_64' title='bbox 203 1253 314 1327; x_wconf 81' lang='lat' dir='ltr'>relicti3</span> <span class='ocrx_word' id='word_1_65' title='bbox 337 1262 440 1332; x_wconf 91' lang='lat' dir='ltr'>totque</span> <span class='ocrx_word' id='word_1_66' title='bbox 461 1273 517 1334; x_wconf 88' lang='lat' dir='ltr'>per</span> <span class='ocrx_word' id='word_1_67' title='bbox 538 1255 680 1316; x_wconf 74' lang='lat' dir='ltr'><strong>thalamos</strong></span> <span class='ocrx_word' id='word_1_68' title='bbox 702 1255 802 1316; x_wconf 87' lang='lat' dir='ltr'>rident</span> 
     </span>
     <span class='ocr_line' id='line_1_13' title="bbox 90 1338 943 1420; baseline 0 -19"><span class='ocrx_word' id='word_1_69' title='bbox 90 1346 210 1420; x_wconf 89' lang='lat' dir='ltr'>praeter</span> <span class='ocrx_word' id='word_1_70' title='bbox 231 1338 393 1400; x_wconf 80' lang='lat' dir='ltr'>Lacaenam</span> <span class='ocrx_word' id='word_1_71' title='bbox 416 1346 528 1400; x_wconf 91' lang='lat' dir='ltr'>ceteras</span> <span class='ocrx_word' id='word_1_72' title='bbox 549 1339 651 1400; x_wconf 84' lang='lat' dir='ltr'>viduas</span> <span class='ocrx_word' id='word_1_73' title='bbox 673 1358 778 1401; x_wconf 81' lang='lat' dir='ltr'>nurus.</span> <span class='ocrx_word' id='word_1_74' title='bbox 942 1416 943 1419; x_wconf 8' lang='grc' dir='ltr'><strong>Ἴ</strong></span> 
     </span>
     <span class='ocr_line' id='line_1_14' title="bbox 91 1423 834 1504; baseline -0.001 -18"><span class='ocrx_word' id='word_1_75' title='bbox 91 1435 136 1486; x_wconf 89' lang='lat' dir='ltr'>tot</span> <span class='ocrx_word' id='word_1_76' title='bbox 158 1424 206 1486; x_wconf 91' lang='lat' dir='ltr'>illa</span> <span class='ocrx_word' id='word_1_77' title='bbox 229 1442 333 1503; x_wconf 84' lang='lat' dir='ltr'>regum</span> <span class='ocrx_word' id='word_1_78' title='bbox 354 1431 448 1485; x_wconf 90' lang='lat' dir='ltr'>mater</span> <span class='ocrx_word' id='word_1_79' title='bbox 469 1433 499 1484; x_wconf 89' lang='lat' dir='ltr'>et</span> <span class='ocrx_word' id='word_1_80' title='bbox 520 1423 653 1500; x_wconf 82' lang='lat' dir='ltr'>regimen</span> <span class='ocrx_word' id='word_1_81' title='bbox 673 1423 834 1504; x_wconf 73' lang='lat' dir='ltr'>Phrygum,</span> 
     </span>
     <span class='ocr_line' id='line_1_15' title="bbox 90 1508 784 1587; baseline 0 -17"><span class='ocrx_word' id='word_1_82' title='bbox 90 1510 218 1572; x_wconf 89' lang='lat' dir='ltr'>fecunda</span> <span class='ocrx_word' id='word_1_83' title='bbox 241 1509 271 1569; x_wconf 92' lang='lat' dir='ltr'>in</span> <span class='ocrx_word' id='word_1_84' title='bbox 294 1509 379 1587; x_wconf 80' lang='lat' dir='ltr'>ignes</span> <span class='ocrx_word' id='word_1_85' title='bbox 401 1508 522 1570; x_wconf 85' lang='lat' dir='ltr'>Hecuba</span> <span class='ocrx_word' id='word_1_86' title='bbox 543 1510 671 1571; x_wconf 89' lang='lat' dir='ltr'>fatorum</span> <span class='ocrx_word' id='word_1_87' title='bbox 694 1527 784 1570; x_wconf 86' lang='lat' dir='ltr'>noras</span> 
     </span>
     <span class='ocr_line' id='line_1_16' title="bbox 90 1593 667 1674; baseline -0.005 -18"><span class='ocrx_word' id='word_1_88' title='bbox 90 1604 212 1674; x_wconf 83' lang='lat' dir='ltr'>experta</span> <span class='ocrx_word' id='word_1_89' title='bbox 233 1594 313 1671; x_wconf 80' lang='lat' dir='ltr'>leges</span> <span class='ocrx_word' id='word_1_90' title='bbox 334 1593 432 1654; x_wconf 90' lang='lat' dir='ltr'>induit</span> <span class='ocrx_word' id='word_1_91' title='bbox 453 1594 550 1656; x_wconf 89' lang='lat' dir='ltr'>vultus</span> <span class='ocrx_word' id='word_1_92' title='bbox 571 1595 667 1655; x_wconf 89' lang='lat' dir='ltr'>feros:</span> 
     </span>
     <span class='ocr_line' id='line_1_17' title="bbox 91 1678 652 1752; baseline -0.002 -11"><span class='ocrx_word' id='word_1_93' title='bbox 91 1681 171 1741; x_wconf 87' lang='lat' dir='ltr'>circa</span> <span class='ocrx_word' id='word_1_94' title='bbox 194 1679 295 1740; x_wconf 93' lang='lat' dir='ltr'>ruinas</span> <span class='ocrx_word' id='word_1_95' title='bbox 317 1678 416 1739; x_wconf 87' lang='lat' dir='ltr'>rabida</span> <span class='ocrx_word' id='word_1_96' title='bbox 438 1678 553 1740; x_wconf 79' lang='lat' dir='ltr'>latravit</span> <span class='ocrx_word' id='word_1_97' title='bbox 574 1697 652 1752; x_wconf 89' lang='lat' dir='ltr'>suas,</span> 
     </span>
    </p>

    <p class='ocr_par' dir='ltr' id='par_1_3' title="bbox 89 1762 875 2692">
     <span class='ocr_line' id='line_1_18' title="bbox 91 1762 774 1843; baseline 0.001 -19"><span class='ocrx_word' id='word_1_98' title='bbox 91 1764 199 1826; x_wconf 84' lang='lat' dir='ltr'>Troiae</span> <span class='ocrx_word' id='word_1_99' title='bbox 221 1774 383 1843; x_wconf 89' lang='lat' dir='ltr'>superstes,</span> <span class='ocrx_word' id='word_1_100' title='bbox 407 1762 536 1838; x_wconf 85' lang='lat' dir='ltr'>flectori,</span> <span class='ocrx_word' id='word_1_101' title='bbox 558 1763 686 1838; x_wconf 87' lang='lat' dir='ltr'>Priamo,</span> <span class='ocrx_word' id='word_1_102' title='bbox 709 1764 774 1825; x_wconf 81' lang='lat' dir='ltr'>sibi.</span> 
     </span>
     <span class='ocr_line' id='line_1_19' title="bbox 92 1848 875 1929; baseline 0.001 -19"><span class='ocrx_word' id='word_1_103' title='bbox 92 1869 176 1910; x_wconf 86' lang='lat' dir='ltr'>cnon.</span> <span class='ocrx_word' id='word_1_104' title='bbox 221 1850 295 1910; x_wconf 86' lang='lat' dir='ltr'>Silet</span> <span class='ocrx_word' id='word_1_105' title='bbox 315 1856 438 1927; x_wconf 86' lang='lat' dir='ltr'>repente</span> <span class='ocrx_word' id='word_1_106' title='bbox 459 1848 594 1910; x_wconf 87' lang='lat' dir='ltr'>Phoebas</span> <span class='ocrx_word' id='word_1_107' title='bbox 617 1857 647 1909; x_wconf 88' lang='lat' dir='ltr'>et</span> <span class='ocrx_word' id='word_1_108' title='bbox 667 1848 762 1928; x_wconf 87' lang='lat' dir='ltr'>pallor</span> <span class='ocrx_word' id='word_1_109' title='bbox 785 1867 875 1929; x_wconf 81' lang='lat' dir='ltr'>genas</span> 
     </span>
     <span class='ocr_line' id='line_1_20' title="bbox 92 1934 806 2013; baseline 0.001 -18"><span class='ocrx_word' id='word_1_110' title='bbox 92 1935 256 2013; x_wconf 82' lang='lat' dir='ltr'>creberque</span> <span class='ocrx_word' id='word_1_111' title='bbox 276 1942 371 1994; x_wconf 90' lang='lat' dir='ltr'>totum</span> <span class='ocrx_word' id='word_1_112' title='bbox 394 1934 525 2013; x_wconf 84' lang='lat' dir='ltr'>possidet</span> <span class='ocrx_word' id='word_1_113' title='bbox 547 1952 657 2013; x_wconf 90' lang='lat' dir='ltr'>corpus</span> <span class='ocrx_word' id='word_1_114' title='bbox 679 1942 806 2009; x_wconf 66' lang='lat' dir='ltr'>tremum</span> 
     </span>
     <span class='ocr_line' id='line_1_21' title="bbox 92 2018 752 2095; baseline 0.002 -16"><span class='ocrx_word' id='word_1_115' title='bbox 92 2028 201 2081; x_wconf 90' lang='lat' dir='ltr'>stetere</span> <span class='ocrx_word' id='word_1_116' title='bbox 222 2019 320 2093; x_wconf 87' lang='lat' dir='ltr'>vittae,</span> <span class='ocrx_word' id='word_1_117' title='bbox 342 2018 442 2089; x_wconf 88' lang='lat' dir='ltr'>mollis</span> <span class='ocrx_word' id='word_1_118' title='bbox 462 2019 608 2080; x_wconf 76' lang='lat' dir='ltr'>horrescit</span> <span class='ocrx_word' id='word_1_119' title='bbox 630 2038 723 2095; x_wconf 92' lang='lat' dir='ltr'>coma,</span> <span class='ocrx_word' id='word_1_120' title='bbox 750 2046 752 2052; x_wconf 95' lang='lat'>·</span> 
     </span>
     <span class='ocr_line' id='line_1_22' title="bbox 92 2104 783 2180; baseline -0.001 -14"><span class='ocrx_word' id='word_1_121' title='bbox 92 2104 196 2166; x_wconf 91' lang='lat' dir='ltr'>anhela</span> <span class='ocrx_word' id='word_1_122' title='bbox 218 2104 306 2164; x_wconf 91' lang='lat' dir='ltr'>corda</span> <span class='ocrx_word' id='word_1_123' title='bbox 328 2121 481 2164; x_wconf 90' lang='lat' dir='ltr'>murmure</span> <span class='ocrx_word' id='word_1_124' title='bbox 502 2104 618 2165; x_wconf 90' lang='lat' dir='ltr'>incluso</span> <span class='ocrx_word' id='word_1_125' title='bbox 641 2105 783 2180; x_wconf 86' lang='lat' dir='ltr'>fremunt,</span> 
     </span>
     <span class='ocr_line' id='line_1_23' title="bbox 92 2187 718 2251; baseline -0.002 -1"><span class='ocrx_word' id='word_1_126' title='bbox 92 2190 206 2251; x_wconf 91' lang='lat' dir='ltr'>incerta</span> <span class='ocrx_word' id='word_1_127' title='bbox 228 2196 335 2251; x_wconf 90' lang='lat' dir='ltr'>nutant</span> <span class='ocrx_word' id='word_1_128' title='bbox 355 2187 468 2250; x_wconf 92' lang='lat' dir='ltr'>lumina</span> <span class='ocrx_word' id='word_1_129' title='bbox 490 2198 519 2249; x_wconf 89' lang='lat' dir='ltr'>et</span> <span class='ocrx_word' id='word_1_130' title='bbox 540 2189 616 2250; x_wconf 85' lang='lat' dir='ltr'>versi</span> <span class='ocrx_word' id='word_1_131' title='bbox 638 2197 718 2250; x_wconf 88' lang='lat' dir='ltr'>retro</span> 
     </span>
     <span class='ocr_line' id='line_1_24' title="bbox 89 2273 770 2354; baseline 0.001 -19"><span class='ocrx_word' id='word_1_132' title='bbox 89 2282 269 2354; x_wconf 88' lang='lat' dir='ltr'>torquentur</span> <span class='ocrx_word' id='word_1_133' title='bbox 291 2273 379 2349; x_wconf 91' lang='lat' dir='ltr'>oculi,</span> <span class='ocrx_word' id='word_1_134' title='bbox 401 2292 506 2335; x_wconf 91' lang='lat' dir='ltr'>rursus</span> <span class='ocrx_word' id='word_1_135' title='bbox 528 2274 642 2337; x_wconf 91' lang='lat' dir='ltr'>immoti</span> <span class='ocrx_word' id='word_1_136' title='bbox 657 2274 770 2353; x_wconf 82' lang='lat' dir='ltr'>rigent.</span> 
     </span>
     <span class='ocr_line' id='line_1_25' title="bbox 90 2358 758 2439; baseline -0.001 -20"><span class='ocrx_word' id='word_1_137' title='bbox 90 2377 172 2420; x_wconf 91' lang='lat' dir='ltr'>nunc</span> <span class='ocrx_word' id='word_1_138' title='bbox 194 2359 268 2420; x_wconf 85' lang='lat' dir='ltr'>levat</span> <span class='ocrx_word' id='word_1_139' title='bbox 289 2358 320 2419; x_wconf 92' lang='lat' dir='ltr'>in</span> <span class='ocrx_word' id='word_1_140' title='bbox 343 2377 429 2420; x_wconf 86' lang='lat' dir='ltr'>auras</span> <span class='ocrx_word' id='word_1_141' title='bbox 451 2358 538 2420; x_wconf 90' lang='lat' dir='ltr'>altior</span> <span class='ocrx_word' id='word_1_142' title='bbox 559 2359 645 2420; x_wconf 92' lang='lat' dir='ltr'>solito</span> <span class='ocrx_word' id='word_1_143' title='bbox 668 2366 758 2439; x_wconf 92' lang='lat' dir='ltr'>caput</span> 
     </span>
     <span class='ocr_line' id='line_1_26' title="bbox 92 2443 805 2524; baseline 0 -19"><span class='ocrx_word' id='word_1_144' title='bbox 92 2444 282 2522; x_wconf 83' lang='lat' dir='ltr'>graditurque</span> <span class='ocrx_word' id='word_1_145' title='bbox 305 2443 393 2518; x_wconf 89' lang='lat' dir='ltr'>celsa,</span> <span class='ocrx_word' id='word_1_146' title='bbox 417 2462 498 2505; x_wconf 92' lang='lat' dir='ltr'>nunc</span> <span class='ocrx_word' id='word_1_147' title='bbox 520 2445 700 2505; x_wconf 85' lang='lat' dir='ltr'>reluctantes</span> <span class='ocrx_word' id='word_1_148' title='bbox 722 2455 805 2524; x_wconf 89' lang='lat' dir='ltr'>parat</span> 
     </span>
     <span class='ocr_line' id='line_1_27' title="bbox 92 2527 791 2603; baseline 0.001 -15"><span class='ocrx_word' id='word_1_149' title='bbox 92 2547 224 2590; x_wconf 89' lang='lat' dir='ltr'>reserare</span> <span class='ocrx_word' id='word_1_150' title='bbox 245 2527 467 2603; x_wconf 71' lang='lat' dir='ltr'>fauces-verba</span> <span class='ocrx_word' id='word_1_151' title='bbox 491 2547 572 2590; x_wconf 90' lang='lat' dir='ltr'>nunc</span> <span class='ocrx_word' id='word_1_152' title='bbox 594 2528 693 2590; x_wconf 88' lang='lat' dir='ltr'>clauso</span> <span class='ocrx_word' id='word_1_153' title='bbox 716 2530 791 2589; x_wconf 92' lang='lat' dir='ltr'>male</span> 
     </span>
     <span class='ocr_line' id='line_1_28' title="bbox 92 2613 690 2692; baseline -0.002 -17"><span class='ocrx_word' id='word_1_154' title='bbox 92 2613 219 2676; x_wconf 89' lang='lat' dir='ltr'>custodit</span> <span class='ocrx_word' id='word_1_155' title='bbox 241 2632 293 2674; x_wconf 87' lang='lat' dir='ltr'>ore</span> <span class='ocrx_word' id='word_1_156' title='bbox 315 2631 433 2674; x_wconf 89' lang='lat' dir='ltr'>maenas</span> <span class='ocrx_word' id='word_1_157' title='bbox 455 2613 611 2692; x_wconf 85' lang='lat' dir='ltr'>impatiens</span> <span class='ocrx_word' id='word_1_158' title='bbox 634 2614 690 2675; x_wconf 89' lang='lat' dir='ltr'>dei.</span> 
     </span>
    </p>

    <p class='ocr_par' dir='ltr' id='par_1_4' title="bbox 92 2697 871 3032">
     <span class='ocr_line' id='line_1_29' title="bbox 93 2697 871 2769; baseline 0 -12"><span class='ocrx_word' id='word_1_159' title='bbox 93 2717 166 2761; x_wconf 80' lang='lat' dir='ltr'>cass.</span> <span class='ocrx_word' id='word_1_160' title='bbox 211 2697 288 2769; x_wconf 83' lang='lat' dir='ltr'>Quid</span> <span class='ocrx_word' id='word_1_161' title='bbox 310 2716 358 2758; x_wconf 90' lang='lat' dir='ltr'>me</span> <span class='ocrx_word' id='word_1_162' title='bbox 378 2698 488 2760; x_wconf 89' lang='lat' dir='ltr'>furoris</span> <span class='ocrx_word' id='word_1_163' title='bbox 511 2699 631 2761; x_wconf 87' lang='lat' dir='ltr'>incitam</span> <span class='ocrx_word' id='word_1_164' title='bbox 653 2698 780 2759; x_wconf 87' lang='lat' dir='ltr'>stimulis</span> <span class='ocrx_word' id='word_1_165' title='bbox 803 2697 871 2759; x_wconf 87' lang='lat' dir='ltr'>novi</span> 
     </span>
     <span class='ocr_line' id='line_1_30' title="bbox 93 2783 794 2863; baseline 0 -20"><span class='ocrx_word' id='word_1_166' title='bbox 93 2784 163 2862; x_wconf 94' lang='lat' dir='ltr'>quid</span> <span class='ocrx_word' id='word_1_167' title='bbox 184 2783 292 2844; x_wconf 91' lang='lat' dir='ltr'>mentis</span> <span class='ocrx_word' id='word_1_168' title='bbox 314 2783 444 2863; x_wconf 89' lang='lat' dir='ltr'>inopem,</span> <span class='ocrx_word' id='word_1_169' title='bbox 467 2802 550 2845; x_wconf 87' lang='lat' dir='ltr'>sacra</span> <span class='ocrx_word' id='word_1_170' title='bbox 571 2783 693 2844; x_wconf 85' lang='lat' dir='ltr'>Parnasi</span> <span class='ocrx_word' id='word_1_171' title='bbox 716 2784 794 2860; x_wconf 79' lang='lat' dir='ltr'>iuga,</span> 
     </span>
     <span class='ocr_line' id='line_1_31' title="bbox 92 2866 852 2947; baseline -0.003 -20"><span class='ocrx_word' id='word_1_172' title='bbox 92 2866 215 2947; x_wconf 79' lang='lat' dir='ltr'>rapitis?</span> <span class='ocrx_word' id='word_1_173' title='bbox 249 2868 364 2943; x_wconf 85' lang='lat' dir='ltr'>recede,</span> <span class='ocrx_word' id='word_1_174' title='bbox 386 2867 516 2941; x_wconf 80' lang='lat' dir='ltr'>Phoebe,</span> <span class='ocrx_word' id='word_1_175' title='bbox 539 2868 596 2929; x_wconf 92' lang='lat' dir='ltr'>iam</span> <span class='ocrx_word' id='word_1_176' title='bbox 619 2886 679 2928; x_wconf 93' lang='lat' dir='ltr'>non</span> <span class='ocrx_word' id='word_1_177' title='bbox 703 2886 768 2928; x_wconf 92' lang='lat' dir='ltr'>sum</span> <span class='ocrx_word' id='word_1_178' title='bbox 792 2874 852 2940; x_wconf 91' lang='lat' dir='ltr'>tua,</span> 
     </span>
     <span class='ocr_line' id='line_1_32' title="bbox 94 2953 742 3032; baseline -0.003 -19"><span class='ocrx_word' id='word_1_179' title='bbox 94 2953 231 3032; x_wconf 84' lang='lat' dir='ltr'>extingue</span> <span class='ocrx_word' id='word_1_180' title='bbox 252 2953 382 3013; x_wconf 88' lang='lat' dir='ltr'>flammas</span> <span class='ocrx_word' id='word_1_181' title='bbox 405 2953 518 3032; x_wconf 89' lang='lat' dir='ltr'>pectori</span> <span class='ocrx_word' id='word_1_182' title='bbox 539 2954 644 3014; x_wconf 82' lang='lat' dir='ltr'>infixas</span> <span class='ocrx_word' id='word_1_183' title='bbox 666 2970 742 3013; x_wconf 89' lang='lat' dir='ltr'>meo.</span> 
     </span>
    </p>
   </div>
   <div class='ocr_carea' id='block_1_3' title="bbox 2 3031 948 3542">
    <p class='ocr_par' dir='ltr' id='par_1_5' title="bbox 2 3031 948 3542">
     <span class='ocr_line' id='line_1_33' title="bbox 93 3031 902 3116; baseline -0.004 -18"><span class='ocrx_word' id='word_1_184' title='bbox 93 3037 139 3098; x_wconf 91' lang='lat' dir='ltr'>cui</span> <span class='ocrx_word' id='word_1_185' title='bbox 162 3056 244 3099; x_wconf 92' lang='lat' dir='ltr'>nunc</span> <span class='ocrx_word' id='word_1_186' title='bbox 265 3056 353 3116; x_wconf 83' lang='lat' dir='ltr'>vagor</span> <span class='ocrx_word' id='word_1_187' title='bbox 375 3035 522 3099; x_wconf 83' lang='lat' dir='ltr'>vaesana?</span> <span class='ocrx_word' id='word_1_188' title='bbox 556 3038 604 3098; x_wconf 92' lang='lat' dir='ltr'>cni</span> <span class='ocrx_word' id='word_1_189' title='bbox 626 3037 754 3099; x_wconf 87' lang='lat' dir='ltr'>bacchor</span> <span class='ocrx_word' id='word_1_190' title='bbox 776 3031 902 3097; x_wconf 75' lang='lat' dir='ltr'>furens?</span> 
     </span>
     <span class='ocr_line' id='line_1_34' title="bbox 92 3118 839 3202; baseline -0.003 -19"><span class='ocrx_word' id='word_1_191' title='bbox 92 3123 147 3183; x_wconf 86' lang='lat' dir='ltr'>iam</span> <span class='ocrx_word' id='word_1_192' title='bbox 170 3121 259 3183; x_wconf 83' lang='lat' dir='ltr'>Troia</span> <span class='ocrx_word' id='word_1_193' title='bbox 282 3122 388 3183; x_wconf 87' lang='lat' dir='ltr'>cecidit</span> <span class='ocrx_word' id='word_1_194' title='bbox 408 3157 451 3166; x_wconf 90' lang='lat'>-</span> <span class='ocrx_word' id='word_1_195' title='bbox 473 3123 544 3184; x_wconf 89' lang='lat' dir='ltr'>falsa</span> <span class='ocrx_word' id='word_1_196' title='bbox 567 3123 637 3202; x_wconf 91' lang='lat' dir='ltr'>quid</span> <span class='ocrx_word' id='word_1_197' title='bbox 659 3131 739 3184; x_wconf 85' lang='lat' dir='ltr'>vates</span> <span class='ocrx_word' id='word_1_198' title='bbox 760 3118 839 3200; x_wconf 84' lang='lat' dir='ltr'>ago‘l</span> 
     </span>
     <span class='ocr_line' id='line_1_35' title="bbox 176 3204 948 3286; baseline -0.003 -19"><span class='ocrx_word' id='word_1_199' title='bbox 176 3207 230 3267; x_wconf 87' lang='lat' dir='ltr'>Vhi</span> <span class='ocrx_word' id='word_1_200' title='bbox 250 3204 340 3268; x_wconf 83' lang='lat' dir='ltr'>sum?</span> <span class='ocrx_word' id='word_1_201' title='bbox 377 3208 455 3286; x_wconf 80' lang='lat' dir='ltr'>fugit</span> <span class='ocrx_word' id='word_1_202' title='bbox 476 3208 527 3269; x_wconf 84' lang='lat' dir='ltr'>lux</span> <span class='ocrx_word' id='word_1_203' title='bbox 548 3208 624 3269; x_wconf 91' lang='lat' dir='ltr'>alma</span> <span class='ocrx_word' id='word_1_204' title='bbox 646 3215 675 3269; x_wconf 91' lang='lat' dir='ltr'>et</span> <span class='ocrx_word' id='word_1_205' title='bbox 697 3208 836 3269; x_wconf 87' lang='lat' dir='ltr'>obscurat</span> <span class='ocrx_word' id='word_1_206' title='bbox 859 3223 948 3284; x_wconf 82' lang='lat' dir='ltr'>genas</span> 
     </span>
     <span class='ocr_line' id='line_1_36' title="bbox 2 3292 793 3354; baseline 0.008 -8"><span class='ocrx_word' id='word_1_207' title='bbox 2 3338 5 3346; x_wconf 94' lang='lat'>.</span> <span class='ocrx_word' id='word_1_208' title='bbox 93 3311 151 3353; x_wconf 83' lang='lat' dir='ltr'>nox</span> <span class='ocrx_word' id='word_1_209' title='bbox 172 3293 228 3353; x_wconf 90' lang='lat' dir='ltr'>alta</span> <span class='ocrx_word' id='word_1_210' title='bbox 251 3300 280 3353; x_wconf 91' lang='lat' dir='ltr'>et</span> <span class='ocrx_word' id='word_1_211' title='bbox 300 3292 402 3353; x_wconf 85' lang='lat' dir='ltr'>aether</span> <span class='ocrx_word' id='word_1_212' title='bbox 425 3292 541 3354; x_wconf 86' lang='lat' dir='ltr'>abditus</span> <span class='ocrx_word' id='word_1_213' title='bbox 563 3292 693 3354; x_wconf 87' lang='lat' dir='ltr'>tenebris</span> <span class='ocrx_word' id='word_1_214' title='bbox 715 3293 793 3354; x_wconf 92' lang='lat' dir='ltr'>latet.</span> 
     </span>
     <span class='ocr_line' id='line_1_37' title="bbox 93 3376 735 3459; baseline 0.002 -22"><span class='ocrx_word' id='word_1_215' title='bbox 93 3377 143 3438; x_wconf 91' lang='lat' dir='ltr'>sed</span> <span class='ocrx_word' id='word_1_216' title='bbox 166 3395 236 3438; x_wconf 88' lang='lat' dir='ltr'>ecce</span> <span class='ocrx_word' id='word_1_217' title='bbox 259 3376 376 3454; x_wconf 80' lang='lat' dir='ltr'>gemino</span> <span class='ocrx_word' id='word_1_218' title='bbox 399 3376 462 3439; x_wconf 87' lang='lat' dir='ltr'>sole</span> <span class='ocrx_word' id='word_1_219' title='bbox 484 3377 650 3459; x_wconf 79' lang='lat' dir='ltr'>praefulget</span> <span class='ocrx_word' id='word_1_220' title='bbox 671 3378 735 3438; x_wconf 87' lang='lat' dir='ltr'>dies</span> 
     </span>
     <span class='ocr_line' id='line_1_38' title="bbox 94 3461 843 3542; baseline -0.001 -21"><span class='ocrx_word' id='word_1_221' title='bbox 94 3461 303 3540; x_wconf 84' lang='lat' dir='ltr'>geminumque</span> <span class='ocrx_word' id='word_1_222' title='bbox 326 3461 460 3542; x_wconf 91' lang='lat' dir='ltr'>duplices</span> <span class='ocrx_word' id='word_1_223' title='bbox 483 3464 578 3541; x_wconf 80' lang='lat' dir='ltr'>Argos</span> <span class='ocrx_word' id='word_1_224' title='bbox 599 3463 706 3524; x_wconf 92' lang='lat' dir='ltr'>attollit</span> <span class='ocrx_word' id='word_1_225' title='bbox 728 3462 843 3523; x_wconf 91' lang='lat' dir='ltr'>domus.</span> 
     </span>
    </p>
   </div>
   <div class='ocr_carea' id='block_1_4' title="bbox 92 3593 1241 4069">
    <p class='ocr_par' dir='ltr' id='par_1_6' title="bbox 92 3593 1241 4069">
     <span class='ocr_line' id='line_1_39' title="bbox 175 3593 1164 3660; baseline -0.001 -13"><span class='ocrx_word' id='word_1_226' title='bbox 175 3597 224 3648; x_wconf 81' lang='grc'>693</span> <span class='ocrx_word' id='word_1_227' title='bbox 244 3593 332 3660; x_wconf 88' lang='lat' dir='ltr'>dlripls</span> <span class='ocrx_word' id='word_1_228' title='bbox 343 3596 369 3646; x_wconf 87' lang='lat' dir='ltr'><em>A</em></span> <span class='ocrx_word' id='word_1_229' title='bbox 420 3596 471 3647; x_wconf 83' lang='grc'>694</span> <span class='ocrx_word' id='word_1_230' title='bbox 483 3593 651 3646; x_wconf 76' lang='lat' dir='ltr'>Cassandrae</span> <span class='ocrx_word' id='word_1_231' title='bbox 660 3595 742 3645; x_wconf 80' lang='lat' dir='ltr'>datur</span> <span class='ocrx_word' id='word_1_232' title='bbox 753 3595 784 3646; x_wconf 81' lang='lat' dir='ltr'>ff.</span> <span class='ocrx_word' id='word_1_233' title='bbox 802 3622 836 3631; x_wconf 87' lang='lat'><em>—</em></span> <span class='ocrx_word' id='word_1_234' title='bbox 854 3607 960 3660; x_wconf 85' lang='lat' dir='ltr'>superos</span> <span class='ocrx_word' id='word_1_235' title='bbox 972 3593 1063 3644; x_wconf 90' lang='lat' dir='ltr'>reorA</span> <span class='ocrx_word' id='word_1_236' title='bbox 1115 3596 1164 3646; x_wconf 80' lang='grc'>695</span> 
     </span>
     <span class='ocr_line' id='line_1_40' title="bbox 93 3660 1166 3729; baseline -0.001 -17"><span class='ocrx_word' id='word_1_237' title='bbox 93 3660 214 3713; x_wconf 83' lang='lat' dir='ltr'>omnislf</span> <span class='ocrx_word' id='word_1_238' title='bbox 273 3665 323 3715; x_wconf 77' lang='lat' dir='ltr'>tot</span> <span class='ocrx_word' id='word_1_239' title='bbox 341 3663 467 3714; x_wconf 86' lang='lat' dir='ltr'>exhaustu</span> <span class='ocrx_word' id='word_1_240' title='bbox 484 3662 515 3712; x_wconf 78' lang='grc' dir='ltr'>Ε.</span> <span class='ocrx_word' id='word_1_241' title='bbox 540 3661 693 3729; x_wconf 80' lang='lat' dir='ltr'>-regiam</span> <span class='ocrx_word' id='word_1_242' title='bbox 711 3678 745 3714; x_wconf 82' lang='lat' dir='ltr'>nr.</span> <span class='ocrx_word' id='word_1_243' title='bbox 769 3663 837 3714; x_wconf 89' lang='lat' dir='ltr'>senis</span> <span class='ocrx_word' id='word_1_244' title='bbox 855 3662 880 3713; x_wconf 96' lang='lat' dir='ltr'><em>A</em></span> <span class='ocrx_word' id='word_1_245' title='bbox 945 3663 994 3714; x_wconf 82' lang='grc'>703</span> <span class='ocrx_word' id='word_1_246' title='bbox 1012 3674 1119 3712; x_wconf 83' lang='lat' dir='ltr'>vacuam</span> <span class='ocrx_word' id='word_1_247' title='bbox 1139 3663 1166 3711; x_wconf 93' lang='lat' dir='ltr'><em>A</em></span> 
     </span>
     <span class='ocr_line' id='line_1_41' title="bbox 93 3728 1163 3797; baseline 0 -16"><span class='ocrx_word' id='word_1_248' title='bbox 93 3732 141 3782; x_wconf 80' lang='lat' dir='ltr'>rot</span> <span class='ocrx_word' id='word_1_249' title='bbox 158 3730 291 3782; x_wconf 87' lang='lat' dir='ltr'>lachenam</span> <span class='ocrx_word' id='word_1_250' title='bbox 308 3730 334 3781; x_wconf 79' lang='lat' dir='ltr'>ff</span> <span class='ocrx_word' id='word_1_251' title='bbox 397 3734 448 3784; x_wconf 88' lang='grc'>710</span> <span class='ocrx_word' id='word_1_252' title='bbox 466 3729 566 3797; x_wconf 85' lang='lat' dir='ltr'>phoeba</span> <span class='ocrx_word' id='word_1_253' title='bbox 584 3730 609 3780; x_wconf 84' lang='lat' dir='ltr'>ff</span> <span class='ocrx_word' id='word_1_254' title='bbox 665 3734 713 3782; x_wconf 85' lang='grc'>715</span> <span class='ocrx_word' id='word_1_255' title='bbox 731 3730 841 3782; x_wconf 88' lang='lat' dir='ltr'>immites</span> <span class='ocrx_word' id='word_1_256' title='bbox 860 3728 935 3781; x_wconf 85' lang='lat' dir='ltr'>codd.</span> <span class='ocrx_word' id='word_1_257' title='bbox 955 3732 1066 3779; x_wconf 69' lang='lat' dir='ltr'>corrono·</span> <span class='ocrx_word' id='word_1_258' title='bbox 1114 3732 1163 3781; x_wconf 84' lang='grc'>777</span> 
     </span>
     <span class='ocr_line' id='line_1_42' title="bbox 93 3796 1241 3863; baseline -0.003 -13"><span class='ocrx_word' id='word_1_259' title='bbox 93 3797 237 3850; x_wconf 87' lang='lat' dir='ltr'>reluctantis</span> <span class='ocrx_word' id='word_1_260' title='bbox 256 3798 281 3849; x_wconf 78' lang='grc' dir='ltr'><em>Ε</em></span> <span class='ocrx_word' id='word_1_261' title='bbox 350 3801 398 3851; x_wconf 79' lang='grc'>727</span> <span class='ocrx_word' id='word_1_262' title='bbox 417 3797 549 3863; x_wconf 65' lang='lat' dir='ltr'>ahdltisg</span> <span class='ocrx_word' id='word_1_263' title='bbox 618 3796 1165 3860; x_wconf 76' lang='lat' dir='ltr'>&#39;129adferturalAldholmoderoptc·</span> <span class='ocrx_word' id='word_1_264' title='bbox 1240 3796 1241 3801; x_wconf 75' lang='grc'>’</span> 
     </span>
     <span class='ocr_line' id='line_1_43' title="bbox 92 3863 1166 3933; baseline -0.001 -16"><span class='ocrx_word' id='word_1_265' title='bbox 92 3869 170 3917; x_wconf 82' lang='lat' dir='ltr'>nario</span> <span class='ocrx_word' id='word_1_266' title='bbox 189 3865 226 3917; x_wconf 85' lang='lat' dir='ltr'>nd</span> <span class='ocrx_word' id='word_1_267' title='bbox 242 3866 366 3917; x_wconf 75' lang='lat' dir='ltr'>Ariciam</span> <span class='ocrx_word' id='word_1_268' title='bbox 383 3882 473 3932; x_wconf 82' lang='lat' dir='ltr'>regem</span> <span class='ocrx_word' id='word_1_269' title='bbox 490 3868 530 3931; x_wconf 78' lang='lat' dir='ltr'>(irc</span> <span class='ocrx_word' id='word_1_270' title='bbox 547 3866 608 3920; x_wconf 81' lang='lat' dir='ltr'>Mai¹</span> <span class='ocrx_word' id='word_1_271' title='bbox 623 3873 700 3918; x_wconf 73' lang='lat' dir='ltr'>ctam.</span> <span class='ocrx_word' id='word_1_272' title='bbox 718 3871 788 3917; x_wconf 81' lang='lat' dir='ltr'>auct.</span> <span class='ocrx_word' id='word_1_273' title='bbox 802 3866 831 3918; x_wconf 91' lang='lat' dir='ltr'><em>V</em></span> <span class='ocrx_word' id='word_1_274' title='bbox 842 3882 870 3933; x_wconf 84' lang='lat' dir='ltr'>p.</span> <span class='ocrx_word' id='word_1_275' title='bbox 888 3865 950 3933; x_wconf 78' lang='lat'><strong>588)</strong></span> <span class='ocrx_word' id='word_1_276' title='bbox 967 3864 992 3915; x_wconf 81' lang='lat' dir='ltr'>‘d</span> <span class='ocrx_word' id='word_1_277' title='bbox 1009 3863 1092 3916; x_wconf 88' lang='lat' dir='ltr'>littera</span> <span class='ocrx_word' id='word_1_278' title='bbox 1110 3864 1137 3915; x_wconf 91' lang='lat' dir='ltr'>in</span> <span class='ocrx_word' id='word_1_279' title='bbox 1155 3868 1166 3916; x_wconf 89' lang='lat' dir='ltr'>t</span> 
     </span>
     <span class='ocr_line' id='line_1_44' title="bbox 93 3933 1165 4002; baseline -0.001 -17"><span class='ocrx_word' id='word_1_280' title='bbox 93 3938 280 3986; x_wconf 80' lang='lat' dir='ltr'>transmutatur.</span> <span class='ocrx_word' id='word_1_281' title='bbox 304 3938 333 3986; x_wconf 89' lang='lat' dir='ltr'>ut</span> <span class='ocrx_word' id='word_1_282' title='bbox 347 3935 372 3985; x_wconf 91' lang='lat' dir='ltr'>L.</span> <span class='ocrx_word' id='word_1_283' title='bbox 383 3935 502 3986; x_wconf 82' lang='lat' dir='ltr'>Annaeus</span> <span class='ocrx_word' id='word_1_284' title='bbox 515 3934 611 3987; x_wconf 86' lang='lat' dir='ltr'>Seneca</span> <span class='ocrx_word' id='word_1_285' title='bbox 623 3934 649 3985; x_wconf 85' lang='lat' dir='ltr'>in</span> <span class='ocrx_word' id='word_1_286' title='bbox 668 3939 741 3986; x_wconf 89' lang='lat' dir='ltr'>sexto</span> <span class='ocrx_word' id='word_1_287' title='bbox 753 3934 882 3986; x_wconf 87' lang='lat' dir='ltr'>volumine</span> <span class='ocrx_word' id='word_1_288' title='bbox 896 3937 1041 3985; x_wconf 79' lang='lat' dir='ltr'>tetrametro</span> <span class='ocrx_word' id='word_1_289' title='bbox 1060 3933 1165 4002; x_wconf 80' lang='lat' dir='ltr'>brachy-</span> 
     </span>
     <span class='ocr_line' id='line_1_45' title="bbox 92 3997 1166 4069; baseline -0.001 -15"><span class='ocrx_word' id='word_1_290' title='bbox 92 4002 215 4055; x_wconf 85' lang='lat' dir='ltr'>catalecto</span> <span class='ocrx_word' id='word_1_291' title='bbox 233 4002 270 4055; x_wconf 89' lang='lat' dir='ltr'>sic</span> <span class='ocrx_word' id='word_1_292' title='bbox 288 4002 337 4055; x_wconf 86' lang='lat' dir='ltr'>ait:</span> <span class='ocrx_word' id='word_1_293' title='bbox 355 4004 534 4069; x_wconf 79' lang='lat' dir='ltr'>geminumque</span> <span class='ocrx_word' id='word_1_294' title='bbox 548 4031 566 4040; x_wconf 90' lang='lat'><em>-</em></span> <span class='ocrx_word' id='word_1_295' title='bbox 578 4002 677 4054; x_wconf 88' lang='lat' dir='ltr'>domus.</span> <span class='ocrx_word' id='word_1_296' title='bbox 706 4006 732 4055; x_wconf 85' lang='lat' dir='ltr'>et</span> <span class='ocrx_word' id='word_1_297' title='bbox 748 4002 813 4054; x_wconf 80' lang='lat' dir='ltr'>infra</span> <span class='ocrx_word' id='word_1_298' title='bbox 830 4003 865 4067; x_wconf 86' lang='lat' dir='ltr'>(u.</span> <span class='ocrx_word' id='word_1_299' title='bbox 884 3997 963 4068; x_wconf 65' lang='lat' dir='ltr'><strong><em>78D&#39;.</em></strong></span> <span class='ocrx_word' id='word_1_300' title='bbox 981 3999 1121 4053; x_wconf 87' lang='lat' dir='ltr'>-domos</span> <span class='ocrx_word' id='word_1_301' title='bbox 1141 4004 1166 4053; x_wconf 92' lang='lat' dir='ltr'><em>A</em></span> 
     </span>
    </p>
   </div>
   <div class='ocr_carea' id='block_1_5' title="bbox 0 0 1344 4488">
    <p class='ocr_par' dir='ltr' id='par_1_7' title="bbox 0 0 1344 4488">
     <span class='ocr_line' id='line_1_46' title="bbox 0 0 1344 4488; baseline 0 0"><span class='ocrx_word' id='word_1_302' title='bbox 0 0 1344 4488; x_wconf 95' lang='lat' dir='ltr'> </span> 
     </span>
    </p>
   </div>
  </div>
 </body>
</html>
