2658 4488
462 260 607 304 unncvnns
629 243 776 320 [osricus]

78 432 135 494 ego
156 431 208 474 ros
230 413 364 492 tyrannis
386 412 506 490 regibus
527 410 668 473 monstris
689 412 761 473 ieris

78 498 232 578 saevisque
253 505 339 578 rapto
361 497 477 559 vindice
499 496 627 577 opposui
650 496 722 558 deis.

79 602 188 658 cessas,
211 583 356 645 Tonantis
379 579 480 644 socia?
506 600 567 643 non
590 582 704 661 spargis
727 583 819 644 lacem

77 670 190 731 imitata
211 669 332 732 fratrem
356 675 385 729 et
407 667 499 747 mittis
522 675 654 747 ereptam
676 666 735 727 lori

78 773 187 835 meque
209 754 273 834 ipsa
295 750 418 833 perdis?
446 753 510 815 laus
532 752 584 814 tihi
608 759 710 831 erepta
732 751 842 815 incluta
865 760 919 827 est,

79 840 187 918 ingens
209 839 394 918 triumphus:
417 837 534 913 aemuli,
557 838 643 911 luno,
665 838 709 899 tui

78 933 204 985 mortem
228 924 380 1003 occupavi.
423 942 487 984 nra.
532 922 608 994 Quid
632 922 751 983 domum
773 921 929 1001 impulsam
952 920 1067 983 trahis?

79 1008 190 1072 erroris
213 1019 258 1071 est
278 1008 328 1069 hic
350 1027 438 1071 omne
461 1006 669 1087 quodcumque
692 1017 736 1070 est
758 1008 850 1069 nelas.
1108 1017 1153 1069 885

79 1096 153 1157 haut
175 1103 220 1156 est
242 1111 355 1155 nocens
377 1093 558 1173 quicumque
580 1111 641 1155 non
665 1102 772 1171 sponte
794 1101 839 1154 est
860 1110 982 1155 nocens.

80 1199 139 1242 nar.
191 1178 378 1259 Quicumque
400 1179 459 1240 lato
482 1179 610 1258 ignoscit
632 1186 661 1238 et
682 1178 778 1258 parcit
799 1177 864 1252 sibi,

81 1281 180 1327 errare
203 1263 326 1326 meruit:
350 1272 445 1325 morte
468 1263 598 1325 damnari
621 1263 727 1343 placet.
888 1334 892 1341 ,

80 1369 145 1412 uun.
189 1349 307 1410 Nocens
329 1348 420 1410 videri
442 1349 495 1428 qui
516 1349 591 1409 mori
614 1348 727 1427 quaerit
750 1348 841 1427 cupit.

59 1440 139 1496 'usn
189 1435 270 1496 Mors
292 1434 468 1496 innocentes
489 1433 550 1495 sola
572 1432 712 1514 deceptos
734 1434 812 1494 lacit.
1109 1444 1155 1496 888

81 1540 145 1581 mn.
190 1519 294 1581 Titana
316 1520 500 1598 lugiens-
546 1538 605 1579 nm.
650 1517 717 1598 lpse
739 1536 787 1580 me
808 1518 893 1580 Titan
917 1519 1002 1598 sugit.

81 1625 145 1666 mn.
189 1605 283 1669 Vitam
305 1601 478 1684 relinques?
521 1622 579 1677 nst.
623 1604 769 1679 Miseram,
792 1611 826 1665 ut
847 1603 969 1666 Alciden
993 1621 1108 1683 sequar.

82 1710 147 1752 nrt.
192 1690 336 1769 Superest
358 1700 494 1751 etauras
517 1689 567 1751 ille
589 1689 727 1751 caelestes
749 1690 847 1751 trahit.

82 1794 140 1836 nar.
193 1775 277 1836 Vinci
300 1774 444 1836 Hercules
466 1793 533 1836 cum
556 1774 662 1855 potuit,
685 1774 756 1836 lrinc
779 1775 878 1854 coepit
897 1775 984 1835 mori.

81 1879 147 1922 nrt.
190 1859 296 1921 Natum
319 1859 471 1940 relinques
493 1862 611 1939 lataque
632 1858 791 1940 abrumpes
812 1857 886 1921 tua?
1109 1869 1155 1920 888

83 1964 141 2007 nar.
193 1944 418 2023 Quamcumque
440 1953 527 2006 natus
549 1944 655 2025 sepelit
677 1945 749 2006 haec
770 1945 841 2005 vixit
862 1945 922 2006 diu.

82 2048 147 2091 nra.
190 2030 292 2090 Virum
315 2030 460 2109 sequeris.
503 2049 561 2091 nur.
605 2029 763 2109 Praegredi
786 2038 882 2092 castae
902 2029 1008 2091 solent.

82 2134 146 2176 nun.
191 2114 223 2177 Si
245 2123 275 2175 te
296 2115 361 2195 ipsa
383 2115 513 2190 damnas,
537 2114 648 2176 scelere
670 2126 699 2176 te
721 2115 827 2178 misera
848 2115 956 2196 arguis.

83 2219 140 2261 nur.
191 2200 284 2261 Nemo
308 2218 420 2262 nocens
443 2199 498 2262 sibi
521 2201 585 2280 ipse
607 2218 720 2279 poenas
742 2200 871 2280 abrogat.

83 2303 147 2345 nra.
190 2285 292 2347 Multis
313 2286 435 2348 remissa
458 2293 503 2347 est
525 2285 581 2364 rita
604 2303 732 2365 quorum
755 2303 838 2348 error
860 2304 983 2362 nocens,
1111 2295 1156 2348 888

84 2389 146 2431 non
168 2368 268 2432 dextra
290 2371 394 2433 luerat.
436 2370 497 2434 'lata
519 2370 588 2451 quis
610 2371 727 2432 damnat
748 2369 823 2434 sua?

83 2474 141 2515 nm.
192 2454 379 2534 Quicumque
401 2457 458 2517 lata
480 2455 581 2537 iniqua
604 2456 726 2518 sortitus
747 2456 813 2518 luit.

83 2558 147 2600 nrt.
191 2539 247 2600 llic
269 2542 333 2622 ipse
355 2541 501 2619 Megaram
525 2559 632 2622 nempe
654 2543 798 2603 confixam
821 2542 883 2604 suis

84 2624 185 2685 stravit
206 2624 319 2704 sagittis
341 2634 430 2706 atque
452 2636 588 2688 natorum
611 2626 740 2687 indolem

84 2710 215 2772 Lernaea
236 2711 331 2789 figens
353 2711 410 2773 tela
432 2710 592 2773 furibunda
613 2728 720 2785 manu3

83 2804 131 2855 ter
152 2795 296 2875 parricida
318 2797 412 2858 lactus
433 2796 545 2875 ignovit
565 2804 663 2857 tamen

84 2879 151 2956 sibi,
174 2898 234 2942 non
257 2881 366 2941 furori:
390 2883 472 2943 l'onte
495 2881 639 2961 Cinyphio
662 2881 759 2942 scelus
807 2949 812 2957 ,

85 2964 140 3026 sub
162 2984 215 3027 axe
237 2965 347 3045 Libyco
369 2967 455 3030 tersit
477 2976 507 3028 et
527 2966 658 3029 dextram
681 2956 812 3032 abluite*

84 3066 154 3128 quo,
177 3051 293 3124 misera,
317 3049 439 3131 pergis?
467 3070 521 3113 cur
542 3060 608 3114 tuas
631 3052 751 3114 damnas
773 3050 901 3139 manus?

82 3153 140 3194 nar.
192 3134 316 3197 Damnat
338 3155 417 3198 meas
441 3136 571 3199 devictus
593 3136 709 3200 Alcides
730 3154 851 3199 manus:
1111 3148 1158 3198 910

169 3388 218 3438 888
237 3386 308 3439 leri's:
327 3401 339 3438 s
358 3402 393 3437 oa
410 3391 420 3438 t
439 3389 535 3439 1m.lt'
593 3391 641 3442 881
661 3393 756 3441 eretam
773 3390 798 3440 Ε
850 3391 985 3443 884-882
1004 3390 1080 3458 Aput
1095 3405 1158 3455 par-

85 3458 123 3502 tas
139 3456 243 3504 acutri
260 3456 455 3507 monanturA
524 3458 573 3510 885
592 3457 683 3509 erroris
699 3458 758 3511 istic
776 3457 862 3523 (istuc)
878 3458 904 3509 A
973 3462 1023 3512 888
1042 3458 1085 3525 qui
1113 3458 1159 3510 etit

84 3524 191 3572 mortem
210 3522 283 3588 eupit·
298 3524 324 3573 A
393 3526 441 3576 891
461 3524 544 3591 fugies
561 3527 595 3578 A.
621 3553 652 3563 -—
677 3540 733 3578 nnn.
752 3531 793 3589 (at
814 3527 920 3592 ubique)
945 3526 1064 3578 thiestem
1105 3528 1158 3579 itan

83 3587 182 3653 fugitE
234 3591 285 3643 882
302 3590 449 3657 relinquens
459 3593 491 3644 E.
508 3621 543 3630 —
560 3593 697 3645 miseram?
719 3608 744 3645 n.
755 3598 784 3645 ut
800 3593 950 3645 Alcidemlt'
966 3594 1075 3647 misera?
1099 3611 1123 3647 n.
1134 3601 1161 3648 at

84 3654 200 3708 Alcidem
218 3660 244 3709 A
262 3663 384 3710 correano?
402 3659 553 3713 Gronovius
605 3663 655 3714 883
674 3668 702 3713 ut
720 3662 745 3712 Ε
802 3664 851 3716 886
870 3677 1030 3730 quacumque
1048 3668 1123 3716 natus
1136 3667 1160 3715 Ε

18 3746 27 3774 ι
83 3738 259 3792 quaecumque
278 3732 363 3778 natum
382 3729 408 3780 A
421 3733 541 3781 conenit
558 3728 681 3795 Scaliger
750 3733 799 3784 888
819 3729 959 3796 sceleris&
1028 3734 1079 3784 888
1097 3732 1160 3784 irro-

84 3797 129 3858 gat
145 3794 203 3873 A..
239 3797 291 3847 902
309 3794 375 3863 fugit
393 3798 430 3877 A
469 3799 519 3850 903
538 3797 563 3849 h.
585 3797 602 3849 i.
626 3797 729 3865 llegere
746 3799 771 3850 Ε
792 3799 848 3866 ipse
872 3798 917 3879 liic·
929 3798 1058 3866 Megaram
1075 3803 1107 3852 A.
1126 3831 1159 3840 -—

83 3860 325 3982 l?”lll?ll?i'”·
343 3865 473 3986 ttius?
490 3865 722 3986 taliam
739 3869 774 3933 Α)
793 3867 1068 3990 Amullius
1087 3872 1161 3991 all?

84 4005 110 4046 et
128 3995 255 4050 drextratn
273 4014 296 4051 a.
315 4001 340 4050 Ε
408 4003 458 4055 888
477 4001 537 4068 quial
557 4007 614 4056 tuas
631 4004 656 4054 A
