2686 4482
415 250 453 291 nn
474 249 600 292 crumnis
623 249 809 325 rotvnnrms.
1088 235 1146 296 117

88 418 194 463 carmen
218 401 254 461 ab
277 420 338 462 uno
362 407 448 480 poeta
465 399 559 461 Ovidii
577 401 711 479 exemplo
731 400 928 480 compositum
944 418 1009 461 esse
1025 411 1150 465 constat.

88 486 131 545 scd
152 504 251 546 verum
273 493 320 547 est
342 486 385 546 sic
408 485 605 559 narrationem
628 485 761 566 incipere
783 505 843 547 non
864 505 968 566 posse:
991 488 1059 566 quid
1074 486 1152 549 Cod-

89 575 138 631 mei
154 571 217 648 fota
239 575 359 650 nepotis,
381 589 445 632 cuce
467 588 534 648 eq.
547 589 570 630 s.
601 579 688 648 atque
711 571 774 650 ipsa
790 571 937 634 sermonis
957 572 1050 632 forma
1066 572 1153 633 dccet

90 655 188 734 aliquid
210 657 407 718 antecessisse
428 655 476 717 cui
492 654 564 716 illud
579 655 718 733 adplicari
735 657 874 736 potuerit.
905 657 1027 717 omnino
1042 665 1151 733 autem,
1219 671 1221 675 ’

90 757 147 801 cum
164 760 199 802 er
214 742 258 802 eis
273 760 350 820 quae
364 740 452 801 modo
468 739 668 818 expedivimus
684 749 801 802 constet
814 742 956 803 maiorem
974 742 1152 805 narrationis

90 826 218 887 ambitum
248 826 326 888 inter
358 834 526 905 spartarum
556 844 685 904 pugnam
715 827 931 905 Actaeonisque
964 826 1056 888 fatum
1089 847 1152 889 non

91 909 293 982 intercessisse,
317 910 479 973 sententiae
500 910 551 971 tali
573 911 635 971 lere
658 911 864 990 supplemento
883 911 1061 972 satisfactum
1078 912 1151 973 crit:

90 989 163 1078 [qnid
178 997 269 1076 pluro
292 989 432 1078 concord]
455 996 524 1076 quid
546 994 664 1059 cadmo·
681 996 746 1073 soto
768 993 903 1075 nepotis?
926 1016 951 1057 e.
967 1015 997 1075 q.
1012 1016 1036 1060 s.

162 1082 267 1142 linitur
288 1099 357 1142 vero
381 1081 528 1143 canticum
550 1080 702 1158 aptissime
716 1090 750 1140 ut
765 1081 796 1140 in
814 1079 964 1142 codicibus
979 1082 1097 1160 legitur,
1120 1082 1151 1142 in

92 1165 206 1244 imagine
230 1165 344 1226 scilicet
367 1166 523 1226 Actaeonis
546 1166 638 1228 iatum
661 1166 849 1244 agnoscentis
867 1166 1068 1245 depingenda3
1092 1185 1152 1245 quo
1203 1184 1205 1189 ’

92 1251 202 1330 artificio
230 1257 400 1331 amputatur
429 1251 510 1310 filum
538 1250 715 1312 narrationis
738 1252 870 1312 nondum
892 1251 974 1311 finita
995 1251 1065 1312 licet
1087 1269 1151 1313 car·

92 1335 167 1396 minis
188 1337 320 1397 materia.
365 1336 408 1395 sic
431 1334 504 1414 Thy.
531 1337 590 1396 122
613 1353 668 1414 sq„
694 1353 761 1397 cum
785 1335 923 1397 carminis
945 1343 1152 1414 argumentum

92 1419 123 1479 sit
142 1423 297 1483 numinum
320 1419 465 1481 invocatio
490 1427 522 1480 ut
543 1429 664 1480 arceant
679 1420 714 1480 ab
731 1421 816 1497 Argis
831 1421 862 1480 in
879 1421 1012 1482 futurum
1028 1421 1151 1498 scelera,

90 1502 196 1586 Pelopis
227 1516 256 1568 et
277 1505 392 1565 Tantali
423 1504 598 1566 criminibus
625 1505 724 1566 relatis
754 1506 784 1566 in
813 1524 910 1585 poena
933 1505 1048 1567 Tantali
1074 1505 1152 1584 apud

91 1590 191 1652 inferos
213 1590 406 1653 describenda
430 1608 549 1651 carmen
571 1589 748 1651 terminatur
770 1590 816 1650 his
837 1590 949 1652 verbis:

285 1686 486 1755 normaeque
506 1678 586 1755 sequi
606 1676 723 1737 doerit:
748 1675 794 1736 lu'c
815 1675 886 1751 bibit

286 1760 377 1822 cltum
400 1762 432 1822 de
452 1761 553 1840 rapido
575 1766 689 1840 carpite
705 1760 855 1840 pulverem

93 1843 138 1904 ubi
157 1846 242 1906 finem
266 1845 406 1906 carminis
429 1846 531 1906 deesse
553 1846 610 1905 iam
634 1845 764 1923 Scaliger
786 1844 915 1925 putabat.

169 1931 334 1992 accedimus
357 1930 643 2010 ad‘dgamemnonis
666 1930 812 1991 canticum
837 1931 898 1994 589
913 1948 958 2008 sq.
988 1928 1068 2008 qnod
1083 1928 1154 1991 item

95 2015 180 2076 statim
208 2015 239 2077 in
271 2015 357 2077 initio
387 2014 601 2095 insuperabiles
627 2016 782 2095 interpreti
810 2015 995 2076 difficultates
1018 2014 1153 2092 opponit,

94 2115 159 2177 quas
177 2100 338 2181 Peiperus‚
367 2109 461 2161 cetera
484 2101 519 2161 ad
541 2100 692 2162 libidinem
715 2101 887 2178 discerpens
912 2107 942 2159 et
963 2098 1154 2177 amplificans.

28 2216 29 2219 κ
95 2203 127 2244 ne
153 2187 242 2247 sensit
271 2185 408 2265 quidem,
436 2185 504 2246 licet
531 2193 623 2246 tactae
640 2186 711 2255 ¹sint
739 2203 755 2245 a
782 2184 943 2265 prioribus.
994 2182 1045 2263 qui
1075 2183 1155 2265 quod

93 2286 118 2325 v.
139 2272 194 2334 593
216 2271 292 2333 bunc
312 2270 349 2333 ad
368 2281 486 2350 portum
509 2271 685 2345 referebant,
708 2271 738 2330 id
760 2270 896 2331 refutarit
918 2268 1084 2331 Gronovius
1106 2269 1155 2346 (ad

93 2371 117 2414 v·
133 2357 199 2431 596)
221 2364 302 2417 recte
325 2355 428 2419 dicens
449 2355 524 2418 bunc
545 2375 606 2417 non
629 2375 717 2436 posse
740 2355 872 2433 intellegi
894 2355 953 2416 nisi
969 2362 1155 2434 contempto-

96 2456 151 2500 rem
172 2441 276 2502 lerinm
300 2441 424 2502 deorum
446 2460 472 2502 v.
487 2442 559 2503 605.
597 2441 722 2502 miratur
744 2441 823 2501 enim
846 2440 956 2501 chorus
979 2441 1057 2519 quod
1079 2440 1154 2501 vitae

95 2525 216 2589 miserias
237 2527 328 2588 morti
349 2525 484 2587 homines
506 2525 673 2605 praeferant
695 2546 721 2586 v.
744 2527 822 2590 589:

287 2610 343 2673 beu
364 2630 449 2691 mum
473 2610 551 2673 dulce
571 2611 683 2673 malum
704 2610 872 2692 mortalibus
893 2611 1022 2695 additum

287 2701 363 2758 vitae
386 2697 466 2758 dirus
489 2699 632 2771 umor15),
655 2715 719 2758 eum
737 2707 836 2776 pateat
856 2695 941 2757 malr’s

287 2782 427 2863 effugium
447 2791 474 2842 et
494 2785 612 2843 miseros
633 2780 723 2842 libera
743 2799 822 2841 mors
843 2790 929 2850 vocet,
941 2779 980 2852 ¹⁰)

28 2892 29 2917 t
284 2878 388 2945 portus
409 2877 526 2928 aeterno
543 2865 675 2945 placidus
697 2866 844 2947 quidest)

99 2949 182 3010 statim
204 2950 302 3030 pergit
323 2969 348 3010 v.
373 2951 449 3014 593:

28 3044 29 3059 ²
288 3034 386 3097 nullus
407 3035 482 3097 bunc
503 3046 598 3096 terror
618 3053 668 3096 aec
690 3038 850 3115 impotentis

193 3188 196 3193 ⁴
286 3120 411 3200 procella
432 3123 570 3199 fortunae
592 3129 757 3181 monetent
779 3122 872 3199 miqui

110 3256 112 3261 ,
287 3206 410 3284 flamma
432 3209 557 3267 tonantis

100 3292 126 3344 et
144 3304 211 3365 quae
233 3290 264 3350 in
288 3290 409 3351 eandem
432 3288 607 3352 sententiam
624 3306 719 3367 usque
735 3287 769 3348 ad
784 3307 810 3350 v.
827 3289 888 3350 604
904 3295 1057 3360 secuntur,
1080 3284 1157 3346 dicta

28 3452 29 3455 Ἴ
101 3367 251 3454 decoqui
273 3383 400 3436 mortem
424 3374 532 3453 eligere
554 3392 626 3454 prae
647 3374 703 3434 vita
727 3371 885 3434 miserabili
907 3390 968 3432 non
988 3369 1157 3441 dubitet.¹⁸)

176 3573 206 3671 Ξῖ)
222 3573 320 3626 similes
337 3574 410 3628 locos
427 3575 498 3627 dabit
515 3572 828 3657 volentillalcltenaerius
845 3571 965 3654 Dietnp.
985 3573 1052 3688 2321
1057 3641 1062 3652 ι

176 3644 206 3772 el
222 3640 639 3774 dtfldlblftft‘tltt
655 3640 1075 3774 {tilltttrlb‘llotlt
1094 3711 1158 3756 cm.

100 3779 200 3850 pontin
217 3781 339 3841 obposita
356 3782 430 3828 mari
446 3781 638 3843 nauigantibus
655 3778 746 3827 nullm
763 3781 858 3842 portus
873 3778 928 3825 aiei
941 3779 1036 3825 mortis
1053 3780 1099 3827 eat.
1126 3774 1158 3827 de

101 3842 313 3978 {membelgjst
339 3846 513 3912 laudccitqaa
537 3848 633 3897 catalis
656 3850 686 3896 in
708 3852 792 3912 portu
819 3849 845 3895 ct
869 3844 905 3894 ad
930 3859 1057 3895 ancorum
1081 3849 1158 3894 actuo

178 3978 207 4043 ¹⁸)
224 3979 277 4032 sive
295 3980 328 4032 de
345 3981 461 4047 sapiente
480 3984 509 4033 nt
527 3979 635 4033 audierit
652 3979 845 4047 philosophanti
862 3978 988 4031 Senecae:
1008 3994 1049 4045 ep.
1065 3981 1106 4039 56,
1129 3980 1158 4029 ta
