2790 4494
629 169 759 213 ructuas
1190 155 1231 218 55

155 338 249 402 regno
273 319 411 381 subactos
433 318 563 400 Pyrrhus
586 321 709 383 exsolvit
730 318 824 401 iugo?

155 425 243 468 acin.
272 404 333 465 llos
349 405 459 485 Scyrus
473 403 611 466 animos?
647 424 749 467 arnna.
772 406 890 467 Scelere
906 425 981 487 quae
995 409 1120 470 fratrum
1141 418 1230 472 earet.

156 510 243 553 acan.
273 490 390 551 Inclusa
412 490 506 550 lluotu
528 525 570 536 -
626 509 728 552 eman.
759 490 872 570 Nempe
895 493 1012 572 cognati
1034 495 1140 556 maris:
1184 505 1231 556 340
1294 558 1299 567 ,

157 576 238 637 Atrei
261 582 290 637 et
311 575 456 656 Thyestae
478 575 607 637 nobilem
631 577 698 636 novi
721 577 851 637 domum.

158 679 244 723 actu.
290 660 333 721 Ex
355 659 477 739 virginis
500 670 644 740 concepte
665 660 773 722 furtivo
797 669 901 741 stupro

157 753 187 808 et
209 765 244 807 ex
266 745 379 807 Achille
402 753 478 821 nate,
500 746 552 807 sed
575 746 708 807 nondum
729 746 791 807 viro
813 779 856 792 -·

156 849 259 892 erana.
303 830 357 891 lllo
380 849 416 891 ex
438 830 560 907 Achille,
584 848 693 911 genere
715 831 767 910 qui
789 832 934 892 mundum
957 850 1011 893 suo

157 934 280 996 sparsus
301 933 357 996 per
378 933 466 977 omne
489 915 626 976 caelitum
648 933 775 994 regnum
797 923 893 978 tenet:
1185 927 1231 979 346

158 1000 282 1063 Thetide
304 1018 425 1081 aequor,
448 999 569 1061 umbras
591 1002 697 1075 Aeaco,
720 1001 834 1062 caelum
856 1001 934 1062 lore.
1057 1010 1060 1019 ’

158 1103 245 1147 eoru.
289 1085 343 1146 lllo
366 1104 402 1146 ex
424 1085 546 1161 Achille,
569 1086 621 1165 qui
644 1104 732 1147 manu
754 1086 868 1165 Paridis
890 1086 974 1148 iacet.

156 1189 259 1232 erana.
290 1170 384 1242 Quem
407 1188 463 1232 nec
486 1171 608 1232 deorum
631 1172 797 1232 comminus
820 1171 977 1251 quisquam
1000 1171 1083 1252 petit.

157 1274 245 1316 noan.
290 1255 485 1336 Compescere
507 1256 643 1336 equidem
666 1256 753 1318 rerba
776 1265 804 1318 et
826 1256 967 1319 audacem
989 1257 1065 1319 malo

157 1349 291 1422 poteram
313 1340 447 1414 domare;
471 1342 629 1402 sedmeus
651 1340 745 1421 captis
767 1356 887 1422 quoque
1188 1351 1234 1402 360

157 1426 214 1488 scit
234 1442 358 1506 parcere
381 1425 471 1487 ensis.
515 1425 616 1506 potius
638 1425 786 1506 interpres
808 1427 895 1487 deum

158 1508 279 1572 Calchas
300 1519 437 1572 vocetur:
462 1510 519 1570 lata
540 1511 566 1572 si
588 1521 722 1590 poscent,
747 1510 832 1574 dabo.

244 1595 291 1656 Tu
313 1596 365 1675 qui
386 1594 525 1674 Pelasgae
545 1595 643 1657 vincla
665 1595 777 1658 solvisti
800 1597 854 1657 rati

158 1696 314 1760 morasque
335 1678 433 1757 hellis,
455 1689 517 1742 arte
539 1681 590 1761 qui
612 1698 727 1743 reseras
749 1681 862 1762 polum,

158 1766 209 1827 cui
228 1766 374 1827 viscerum
397 1772 519 1840 secreta,
543 1764 591 1827 cui
613 1766 717 1827 mundi
739 1767 839 1845 fragor

158 1858 188 1915 et
210 1851 293 1912 stella
313 1850 402 1929 longa
424 1851 557 1912 semitam
579 1851 695 1911 llamma
716 1853 836 1913 trahens

159 1936 230 1997 dant
251 1937 335 2014 signa
356 1934 418 2011 lati,
440 1935 533 1997 cuius
548 1936 662 2015 ingenti
684 1937 757 1998 mihi

159 2021 294 2083 mercede
317 2024 542 2082 constantem:
566 2019 638 2101 quid
661 2021 759 2083 iubeat
781 2022 854 2083 deus

159 2105 257 2179 ellare,
281 2105 412 2178 Calchas,
435 2123 550 2185 nosque
573 2105 698 2167 consilio
721 2125 801 2185 rege.

467 2254 636 2320 concurs

246 2360 323 2422 hant
345 2360 402 2420 lata
424 2359 531 2421 Danais
553 2377 612 2440 quo
636 2359 734 2421 solent
755 2358 850 2440 pretio
872 2361 963 2422 riam:
1183 2365 1237 2418 360

160 2446 312 2509 mactanda
334 2444 416 2522 virgo
439 2452 484 2507 est
505 2444 639 2505 Thessali
661 2445 748 2506 husto
774 2445 876 2516 ducis;

160 2533 213 2594 sed
235 2548 294 2612 quo
316 2529 412 2608 iugari
434 2529 590 2591 Thessalae
613 2530 695 2592 cultu
717 2529 815 2592 solent

160 2616 314 2678 lonidesre
335 2615 380 2675 rel
402 2613 575 2694 Mycenaeae
597 2633 703 2689 nurus,

161 2700 292 2781 Pyrrhus
313 2700 430 2779 parenti
451 2699 610 2780 coniugem
631 2700 726 2760 tradat
748 2705 818 2760 suo:

160 2789 205 2848 sic
227 2786 283 2847 rite
305 2783 430 2846 dabitur.
475 2802 536 2845 non
559 2792 657 2845 tamen
679 2792 797 2845 nostras
818 2789 900 2843 tenet

160 2873 234 2933 haec
257 2888 315 2931 una
336 2887 455 2950 puppes
477 2887 581 2931 cansa:
607 2868 735 2931 nobilior
755 2876 818 2943 tuo,

162 2954 320 3036 Polyxene,
342 2971 449 3015 cruore
471 2953 596 3016 debetur
619 2972 719 3016 cruor.

162 3058 253 3120 quem
274 3041 332 3101 lata
354 3046 511 3120 quaerunt,
533 3046 616 3101 turre
639 3039 675 3100 de
696 3054 811 3100 summa
832 3034 915 3096 eadat
951 3114 955 3121 Ι

164 3125 272 3186 Priami
294 3143 388 3205 nepos
412 3122 576 3185 ilectoreus
598 3131 627 3186 et
648 3123 742 3186 letum
763 3128 893 3202 oppetat.
946 3121 949 3125 ’
1064 3146 1066 3153 ·

164 3218 228 3272 tum
249 3209 328 3272 mille
349 3208 421 3270 velie
444 3209 564 3291 impleat
586 3208 688 3271 classis
710 3209 793 3271 freta.
1140 3212 1144 3219 “
1192 3213 1239 3265 370

249 3447 299 3499 339
317 3442 440 3512 Syrusll
474 3442 611 3511 ScyrosA
688 3446 739 3497 346
761 3455 872 3562 aepheta
890 3440 915 3492 Ε
932 3440 967 3498 cr.
986 3438 1007 3503 l,
1025 3439 1059 3491 59
1128 3440 1177 3492 366
1200 3437 1240 3490 di·

163 3512 266 3565 uomld
342 3515 392 3566 att
410 3513 563 3580 poscuntA
640 3515 691 3567 354
711 3511 773 3563 belli
900 3511 950 3563 366
973 3512 1034 3574 poet
1050 3505 1152 3558 flamma
1170 3522 1239 3561 eros.

163 3580 230 3637 mn
316 3583 365 3634 367
389 3580 476 3632 darn
562 3582 611 3633 369
635 3579 770 3632 CalcheA
855 3580 906 3630 367
930 3575 1103 3642 Polyxenag
1189 3576 1238 3657 ³⁶⁹.

162 3648 307 3703 Priamoll
412 3700 416 3704 .
