2648 4478
185 236 206 296 6
497 253 534 295 ns
555 252 749 296 nncansnnms
771 250 949 296 unacocnns.

269 402 302 465 ln
325 403 383 464 hoc
404 403 571 465 recensoris
592 403 690 465 olflcio
710 403 873 483 profecisse
900 402 1010 482 aliquid
1040 404 1113 466 mihi
1132 402 1272 480 videbar,

184 506 253 549 oum
274 489 401 549 duorum
424 487 558 550 codicum
584 489 744 567 genuinam
769 488 927 550 lectionem
952 506 1024 568 prae
1046 509 1078 551 se
1099 488 1272 551 ferentium

183 573 293 635 auxilio
308 574 395 634 fidem
410 573 473 635 eius
488 573 600 634 librarii
623 574 675 652 qui
690 573 849 635 Etruscum
869 574 1001 635 codicem
1024 574 1151 636 exaravit
1171 574 1269 635 aesti-

183 658 258 720 mari
271 675 361 738 posse
374 658 447 718 mihi
461 658 684 738 persuasissem.
711 658 939 719 Ambrosianum
950 658 1031 720 enim
1046 670 1076 721 et
1086 658 1270 720 Vaticanum
1312 668 1313 671 ’

183 761 220 804 ex
240 742 358 804 Etrusci
381 743 505 821 gemello
524 742 670 822 pendere,
694 741 812 804 illorum
835 743 926 822 igitur
947 753 977 805 et
991 743 1110 805 Etrusci
1131 743 1268 805 lectione
1312 818 1313 821 Ἴ

182 827 315 889 interce
337 835 504 908 comparata
529 846 717 889 communem
739 828 932 909 archetypum
957 826 1072 889 restitui
1097 845 1153 908 pro
1178 835 1266 890 certo

181 910 273 973 habui
288 919 318 973 et
328 913 489 1009 enplorato.
518 932 576 992 qua
592 913 627 974 de
641 931 674 974 re
690 931 868 1010 quamquam
880 912 965 974 aliter
974 914 1163 976 statuendum
1174 912 1267 974 video

181 998 362 1076 postquam
353 1015 417 1078 ipse
432 996 590 1058 Etruscum
606 998 737 1059 codicem
753 998 880 1074 excussi,
895 1009 993 1061 tamen
1007 996 1266 1059 librisillisacou·
1312 1052 1313 1055 ,

156 1090 243 1142 rate
265 1081 465 1143 descrihendis
486 1090 604 1143 etcum
627 1081 754 1169 Etrusco
777 1082 966 1144 conterendis
984 1083 1181 1162 supersedere
1206 1101 1266 1144 neo
1312 1148 1313 1167 ,

180 1166 248 1226 volo
263 1184 319 1226 nec
334 1166 436 1228 debeo

266 1250 456 1312 Mediolani
447 1270 479 1311 ιιι
506 1251 683 1313 bibliotheca
706 1251 899 1314 ambrosiana
922 1250 1139 1330 tragoediarum
1166 1253 1266 1315 codex
1312 1266 1313 1305 1

180 1343 345 1397 asservatur
366 1335 476 1398 saeculi
495 1335 560 1396 XIV
581 1336 823 1398 membranaceus
844 1336 991 1415 oblongae
1012 1337 1124 1398 formae
1146 1337 1265 1400 duode-
1312 1362 1313 1403 3

180 1420 396 1499 quinquaginta
410 1410 551 1481 loliorum
565 1417 756 1504 (quinionum
769 1430 919 1501 quattuor,
935 1430 1002 1483 octo
1018 1420 1110 1484 unius
1124 1423 1265 1484 senionis
1295 1431 1297 1435 ’
1312 1414 1313 1443 ²

179 1501 333 1588 loliorum)
353 1504 491 1566 binarum
506 1506 710 1568 columnarum
727 1524 941 1585 sexagenorum
957 1514 1173 1587 quaternorum
1195 1525 1263 1569 ver·
1312 1500 1313 1561 ἷ

179 1607 277 1664 suum,
300 1590 436 1652 manibus
451 1590 546 1652 tribus
568 1598 661 1653 aetate
681 1590 853 1671 aequalibus
875 1600 1011 1653 exaratus
1031 1588 1076 1674 (1.
1091 1591 1177 1671 quin.
1195 1592 1209 1653 l
1225 1592 1264 1654 ad
1312 1642 1313 1675 ,

178 1673 217 1735 tv
238 1674 314 1736 med.
344 1675 418 1753 [ΗΟ.
435 1677 503 1752 38];
527 1678 557 1737 2.
579 1677 615 1738 ad
637 1695 700 1737 sen.
723 1677 774 1736 lol.
796 1680 817 1739 4
838 1676 913 1754 [Oct.
936 1678 1005 1752 ‹ldlt
1028 1678 1057 1740 3.
1080 1677 1118 1739 ad
1139 1673 1262 1760 finem),
1312 1682 1313 1727 l

180 1774 269 1838 (ιιιιιιι
284 1761 413 1821 recentis
427 1760 489 1822 aevi
505 1762 654 1822 nominem
670 1760 777 1840 legisse
792 1761 933 1823 loliorum
947 1761 1096 1840 margines
1111 1761 1263 1825 docebant
1312 1770 1313 1841 j

156 1844 287 1923 partim
301 1845 360 1905 situ
375 1844 490 1924 pridem
506 1845 707 1908 cohaerentes.
739 1846 812 1908 mihi
828 1845 863 1906 M
881 1846 972 1922 audit,
995 1846 1127 1925 catalogo
1150 1846 1261 1923 biblio·
1312 1852 1313 1919 ἶ

178 1928 281 1990 thecae
296 1928 323 1989 D
338 1931 400 1992 276
415 1932 472 2008 inf.
496 1930 630 1992 continet
644 1930 763 1992 Etrusci
778 1930 883 1991 ordino
906 1938 935 1992 ct
956 1930 1127 1992 nominihus
1150 1950 1262 1994 novem
1312 1924 1313 1979 i

178 2013 353 2091 tragoedias,
370 2012 488 2076 Octavia
501 2014 533 2075 in
547 2016 607 2076 fine
619 2015 740 2090 adiecta,
756 2016 842 2077 cuius
855 2033 965 2077 nomen
978 2016 1096 2077 Ottcoid
1111 2016 1261 2096 scriptum

179 2098 311 2160 codicem
326 2099 356 2160 in
372 2099 454 2161 ltalia
470 2099 665 2196 compositum
688 2118 753 2162 esse
775 2102 871 2163 docet.
905 2109 1019 2180 septem
1039 2101 1261 2179 tragoediarum

177 2201 280 2245 versus
294 2183 442 2263 verbaque
457 2202 526 2246 cum
547 2184 676 2262 genuina
698 2184 828 2247 editione
846 2185 1054 2249 consentiunt.
1079 2204 1147 2247 cum
1162 2187 1259 2248 inter·

177 2267 275 2348 polata
290 2267 472 2330 Phoenissae
487 2278 516 2333 et
530 2270 649 2331 lledeae
665 2271 749 2350 prior
764 2288 843 2350 pars

264 2360 293 2413 et
307 2353 387 2414 huno
403 2354 558 2415 codicem
550 2372 615 2451 ipse
630 2355 746 2417 excussi
762 2363 791 2417 et
805 2355 926 2416 tertium
949 2355 1097 2432 genu'mae
1116 2328 1258 2419 editionis

178 2436 328 2533 exemplar
343 2437 407 2515 (N),
429 2439 509 2518 quod
524 2439 696 2501 continetur
707 2440 788 2501 loliis
805 2442 880 2504 197
895 2440 931 2501 ad
945 2440 1035 2501 finem
1050 2439 1161 2502 codicis
1175 2440 1258 2502 Vati·

178 2521 361 2596 eani17693
384 2524 547 2602 leguntur'
539 2544 570 2585 ιιι
592 2543 628 2585 eo
643 2544 703 2586 nna
724 2544 814 2587 manu
836 2524 946 2604 scripta
961 2524 1135 2596 Quintiliani
1158 2526 1258 2588 decla·

176 2606 322 2668 mationos
335 2607 369 2683 (l.
389 2610 526 2685 1-48'),
550 2606 681 2671 Sen'eoae
696 2628 786 2690 opera
800 2609 1015 2690 philosophica,
1039 2610 1159 2672 insertis
1177 2606 1258 2671 inter

176 2690 270 2752 libros
284 2692 320 2752 de
342 2693 526 2771 providentia
547 2701 577 2754 et
598 2695 634 2755 de
654 2695 697 2756 ira
719 2696 851 2756 Senecae
873 2693 920 2755 ‘de
942 2693 1076 2758 civilibus
1097 2695 1197 2756 causis
1221 2695 1258 2756 ad

168 2774 329 2838 'Nouatum’
344 2776 427 2838 libris
441 2777 465 2838 X
481 2778 514 2854 (l.
531 2780 701 2853 ltu—801),
724 2779 888 2841 sententiae
902 2779 1042 2841 metricae
1057 2786 1088 2840 et
1102 2778 1256 2859 pedestres

176 2861 211 2939 (l
224 2862 432 2939 1922-195'),
448 2863 563 2925 minora
578 2865 731 2943 quaedam,
745 2863 924 2942 tragoediae.
951 2862 1193 2931 membranaceus
1211 2872 1257 2926 est

176 2946 286 3006 saeculi
301 2945 363 3006 XlV
380 2948 492 3009 formae
504 2948 649 3028 oblongae
663 2949 802 3010 loliorum
817 2950 880 3012 246
895 2949 1033 3011 binarum
1048 2949 1256 3011 columnarum

176 3047 390 3108 sexagenorum
401 3031 541 3093 binorum
552 3052 701 3097 versuum.
723 3034 754 3095 in
770 3035 986 3114 tragoediarum
1003 3033 1107 3095 ordine
1123 3033 1256 3096 nomini-

175 3112 232 3175 bus
247 3114 347 3193 specie
363 3134 431 3176 cum
446 3117 641 3179 Ambrosiano
657 3119 819 3199 conspirat,
838 3129 1045 3198 praeterquam
1060 3119 1141 3197 quod
1156 3117 1256 3181 Phoe·

175 3199 271 3260 nissas
293 3206 323 3259 et
346 3199 450 3280 Oedipi
477 3202 597 3264 nominc
625 3203 762 3266 inscribit
792 3210 822 3265 et
849 3213 918 3283 post
940 3203 1088 3283 Oedipum
1118 3201 1254 3265 collocat.

174 3283 368 3363 interpolatae
382 3284 520 3347 lectionis
531 3286 709 3350 Phoenissas
725 3296 753 3349 et
764 3288 930 3362 Medeam,
922 3307 953 3348 ιιι
967 3288 1028 3351 fine
1043 3288 1255 3350 adhaerentem

173 3368 262 3430 habet
284 3369 442 3432 Octaviam.
480 3373 531 3433 sed
553 3373 706 3434 dubitandi
729 3374 864 3453 spatium
878 3390 939 3433 non
969 3372 1107 3434 concedit
1135 3380 1254 3452 tragoe-

137 3444 288 3515 diarum
303 3453 423 3517 titulus.

302 3539 398 3618 Morcj
410 3540 480 3603 lutis
491 3558 576 3602 ιιιιιιιι
574 3545 688 3615 focace
702 3543 828 3622 tragedia
845 3558 955 3605 ιιιιιιιι.
988 3540 1122 3603 dociles.

301 3627 421 3687 troodos.
444 3626 580 3707 phorusco
594 3628 700 3689 madeo.
727 3626 866 3708 phaedro.
893 3628 1019 3707 oedipus.
1048 3644 1210 3706 ogomeaou

300 3708 420 3854 tlhiosies
451 3711 586 3773 hercules
620 3716 740 3774 octavio
771 3712 895 3792 feliciter
909 3715 1062 3792 incipiunt.

316 3811 375 3855 ιιιιι

166 3894 236 3939 ⁴non
251 3879 430 3957 computavit
449 3877 589 3942 librarius
612 3881 747 3943 nomina:
771 3899 839 3943 nam
862 3882 964 3943 docem
985 3889 1066 3942 sunt.
1100 3880 1251 3959 genuinus
1312 3858 1313 3937 l

173 3960 265 4080 igitur
285 3980 429 4025 numerus
452 3972 512 4039 est,
543 3984 605 4026 non
627 3975 758 4029 mutatus
780 3965 892 4029 adiecta
915 3958 1042 4027 Octada
1085 3964 1251 4028 adscribam
