2658 4488
462 261 606 304 senones
629 245 776 320 [onrnxvs]

80 416 132 479 sed
157 433 217 477 non
241 412 381 476 inultam:
406 412 431 474 si
455 413 524 492 quid
548 433 583 475 ex
605 421 708 475 nostro
731 412 857 476 Hercule

80 499 219 581 concepit
241 498 313 574 lole,
335 498 474 560 manibus
496 498 615 561 evellam
638 499 712 560 meis

80 595 149 649 ante
172 594 201 647 et
221 603 276 666 per
298 585 377 663 ipsas
399 583 540 664 paelicem
563 584 695 646 invadam
717 584 806 647 laces.

80 690 128 733 me
151 670 277 752 nuptiali
300 669 445 731 victimam
468 669 553 731 leriat
575 669 620 731 die

80 758 217 833 infestus,
240 755 322 817 lolen
347 755 415 817 dum
439 773 530 835 supra
552 755 714 817 exanimem
737 773 820 816 ruam
842 789 885 801 -

80 842 151 904 felix
173 842 249 903 iacet
271 841 453 921 quicumque
474 859 549 920 quos
572 840 633 903 odit
655 841 772 920 premit.

82 947 147 989 rvr.
191 926 268 998 Quid
290 927 353 1007 ipsa
374 926 505 987 flammas
527 927 624 1007 pascis
646 935 675 986 et
695 934 807 987 vastum
829 927 910 989 loves

82 1012 162 1074 ultro
186 1008 341 1073 dolorem?
370 1011 486 1087 misera,
510 1012 580 1091 quid
603 1029 717 1073 cassum
740 1009 847 1073 times?

82 1097 185 1159 dilexit
206 1096 301 1158 lolen:
325 1115 433 1177 nempe
456 1115 523 1158 cum
545 1104 635 1158 staret
656 1114 765 1176 parens

82 1182 223 1261 regisque
246 1192 343 1243 natam
365 1189 480 1262 peteret
502 1216 544 1226 -
567 1183 598 1243 in
622 1181 747 1243 famulae
769 1181 868 1244 locum

31 1264 35 1275 ‘
84 1267 187 1348 regina
209 1267 331 1329 cecidit:
355 1266 481 1348 perdidit
503 1268 579 1329 vires
602 1285 683 1328 amor

83 1349 271 1432 multumque
293 1352 329 1413 ab
351 1352 400 1413 illa
421 1353 510 1414 traxit
530 1352 632 1413 inlelix
655 1359 757 1432 status.
862 1382 865 1386 ·

83 1437 185 1500 illicita
208 1448 353 1513 amantur,
376 1438 483 1499 excidit
505 1437 655 1517 quidquid·
672 1436 751 1498 licet.
847 1498 856 1513 .

83 1543 143 1585 nni.
187 1523 318 1584 Fortuna
340 1540 470 1584 amorem
491 1523 577 1602 peior
597 1522 759 1584 inflammat
779 1524 887 1603 magis:

84 1616 161 1671 amat
183 1608 228 1670 vel
250 1609 348 1689 ipsum
373 1608 452 1688 quod
475 1616 555 1670 caret
576 1607 672 1688 patrio
694 1608 764 1683 lare,

85 1695 165 1774 quod
188 1692 287 1755 nudus
310 1711 382 1755 auro
405 1694 497 1755 crinis
519 1702 548 1754 et
570 1711 685 1772 gemma
706 1693 792 1768 iacet,

85 1781 165 1861 ipsas
186 1778 355 1840 misericors
378 1780 477 1845 lorsan
500 1797 657 1842 aerumnas
679 1786 770 1854 amat;

85 1865 144 1926 hoc
166 1864 306 1926 usitatum
329 1873 375 1926 est
397 1863 533 1926 Herculi:
558 1871 659 1944 captas
681 1873 766 1927 amat.

85 1969 150 2012 nvn.
194 1948 305 2012 Dilecta
327 1948 436 2010 Priami
458 1969 565 2030 nempe
587 1948 726 2010 Dardanii
748 1967 834 2010 soror

87 2053 229 2098 concessa
253 2034 359 2096 lamule
383 2045 441 2109 est;
465 2035 546 2097 adice
569 2037 642 2114 quot
664 2043 772 2115 nuptas
794 2036 888 2115 prius,

88 2128 162 2201 quot
184 2119 312 2199 virgines
335 2119 449 2181 dilexit:
478 2120 585 2181 erravit
606 2137 705 2199 vagus.

87 2205 210 2268 Arcadia
233 2223 340 2285 nempe
362 2205 454 2283 virgo,
477 2204 620 2266 Palladios
643 2205 750 2266 choros

87 2292 159 2353 dum
183 2291 284 2365 nectit,
306 2291 399 2368 Auge,
422 2291 479 2351 vim
502 2290 598 2370 stupri
621 2309 707 2370 passa
729 2290 846 2367 excidit,

89 2375 261 2455 nullamque
283 2376 391 2437 amoris
413 2374 557 2438 Hercules
579 2376 687 2437 retinet
709 2383 819 2437 notam.

89 2461 214 2522 referam
238 2461 308 2541 quid
332 2458 423 2522 alias?
454 2479 561 2541 nempe
585 2460 766 2542 Thespiades
788 2469 891 2526 vacant

88 2545 230 2625 brevique
252 2547 284 2607 in
307 2546 370 2607 illas
393 2546 464 2607 arsit
485 2546 602 2608 Alcides
624 2547 697 2609 lace.

89 2631 199 2711 hospes
221 2631 328 2692 Timoli
350 2630 470 2712 Lydiam
494 2632 565 2692 lovit
587 2650 696 2693 nurum

90 2723 119 2778 et
141 2734 241 2777 amore
263 2724 366 2796 captus
388 2716 424 2779 ad
446 2716 524 2778 leves
547 2717 623 2778 sedit
645 2716 738 2793 colus,

91 2801 181 2862 udum
204 2802 298 2863 feroci
320 2812 433 2864 stamen
457 2802 634 2882 intorquens
657 2820 756 2863 manu.

90 2904 198 2965 nempe
221 2886 268 2948 illa
291 2888 389 2948 cervix
410 2887 503 2967 spolia
525 2887 663 2968 deposuit
684 2887 764 2947 lerae

91 2972 265 3051 crinemque
287 2972 373 3034 mitra
395 2973 505 3052 pressit
526 2982 555 3034 et
575 2971 704 3034 famulus
726 2970 816 3046 stetit,

90 3057 198 3118 hirtam
221 3056 331 3119 Sabaea
354 3058 502 3120 marcidus
523 3057 641 3138 myrrha
665 3075 793 3118 comam:

93 3141 202 3221 ubique
225 3141 323 3218 caluit,
346 3144 397 3204 sed
418 3143 475 3204 levi
497 3143 586 3204 caluit
607 3143 679 3205 lace.

179 3397 229 3448 alc
247 3394 356 3447 avellam
372 3394 418 3457 Ες
488 3397 538 3448 352
557 3411 582 3449 u.
601 3393 695 3462 dim.
714 3411 739 3461 q.
757 3409 779 3446 c.
799 3397 819 3445 t.
838 3393 940 3445 duodus
957 3393 1165 3447 cneburh.-

92 3476 180 3514 caeum
198 3462 274 3517 codd.
295 3466 416 3515 corrosit
426 3463 535 3530 Lipsius
553 3463 762 3530 (Hardipolansis
780 3468 806 3514 et
818 3460 935 3514 Venetae
953 3462 1012 3515 edd.
1030 3469 1094 3515 teste
1106 3464 1167 3516 nez-

92 3532 146 3595 rio]
201 3533 264 3610 '353
283 3531 344 3584 dum
362 3536 459 3584 starent
475 3531 578 3584 laresA
647 3534 697 3584 354
716 3528 752 3598 in]
771 3531 838 3584 enim
856 3530 881 3582 Ε
950 3534 999 3585 356
1017 3531 1168 3600 uultumque
1279 3572 1284 3579 .

92 3597 126 3651 E.
143 3627 177 3635 -
201 3598 245 3651 rllo
271 3600 346 3651 codd.
373 3603 494 3651 corrosit
517 3598 550 3653 Ν.
568 3600 694 3651 Heinsius
718 3599 778 3651 ado.
799 3615 828 3666 p.
848 3600 898 3651 441
976 3602 1026 3653 359
1050 3601 1169 3668 ipsam&

94 3668 143 3746 36⁸2
162 3681 212 3718 om.
230 3667 263 3719 u.
285 3696 319 3706 -
343 3671 447 3720 nutrici
470 3668 553 3720 datur
570 3669 595 3719 A
620 3671 741 3748 correxit
757 3667 868 3719 Dehinc
947 3670 997 3748 363
1020 3668 1118 3735 priamo
1144 3676 1169 3721 et

93 3740 215 3800 pnmos'
282 3739 333 3816 ‚³⁶⁴
357 3736 490 3817 famulo&
558 3739 608 3790 366
632 3735 793 3821 archadrald
822 3762 823 3765 ¹
869 3738 919 3790 368
937 3741 1030 3789 retinet
1052 3737 1169 3817 Herculei

74 3804 572 3947 ⁴htlhtodtttlttllttlm
585 3804 892 3942 drtf'thtlddf.
911 3804 1170 3929 llllllllllol

95 3936 157 4057 135,
176 3937 211 4000 cs.
219 3941 302 4061 {4761
337 4013 348 4060 t
373 3943 421 3994 373
441 3957 518 4061 nEnum
537 3942 562 3993 Α
585 3942 669 3994 colum
688 3941 747 3995 tn
772 3945 893 3995 correarr't
912 3941 941 3995 G.
961 3941 1090 3996 eanum
1108 3961 1168 3997 noo.

106 4022 120 4055 e
147 4023 198 4074 .p.
285 4037 320 4048 -
349 4023 422 4062 amen
