<?xml version="1.0" encoding="UTF-8"?>
<!DOCTYPE html PUBLIC "-//W3C//DTD XHTML 1.0 Transitional//EN"
    "http://www.w3.org/TR/xhtml1/DTD/xhtml1-transitional.dtd">
<html xmlns="http://www.w3.org/1999/xhtml" xml:lang="en" lang="en">
 <head>
  <title>
</title>
<meta http-equiv="Content-Type" content="text/html;charset=utf-8" />
  <meta name='ocr-system' content='tesseract 3.04.00' />
  <meta name='ocr-capabilities' content='ocr_page ocr_carea ocr_par ocr_line ocrx_word'/>
</head>
<body>
  <div class='ocr_page' id='page_1' title='image "./lannaeisenecaet00leogoog_0536.png"; bbox 0 0 2658 4488; ppageno 0'>
   <div class='ocr_carea' id='block_1_1' title="bbox 580 186 734 259">
    <p class='ocr_par' dir='ltr' id='par_1_1' title="bbox 580 186 734 259">
     <span class='ocr_line' id='line_1_1' title="bbox 580 186 734 259; baseline 0.032 -5"><span class='ocrx_word' id='word_1_1' title='bbox 580 186 734 259; x_wconf 76' lang='lat' dir='ltr'>rnmsrns&#39;</span> 
     </span>
    </p>
   </div>
   <div class='ocr_carea' id='block_1_2' title="bbox 39 352 1009 791">
    <p class='ocr_par' dir='ltr' id='par_1_2' title="bbox 39 352 1009 791">
     <span class='ocr_line' id='line_1_2' title="bbox 39 352 846 438; baseline 0.016 -21"><span class='ocrx_word' id='word_1_2' title='bbox 39 380 47 387; x_wconf 43' lang='lat'><em>³</em></span> <span class='ocrx_word' id='word_1_3' title='bbox 106 365 254 438; x_wconf 88' lang='lat' dir='ltr'>tuamque</span> <span class='ocrx_word' id='word_1_4' title='bbox 275 352 318 420; x_wconf 85' lang='lat' dir='ltr'>ad¹</span> <span class='ocrx_word' id='word_1_5' title='bbox 332 360 404 422; x_wconf 89' lang='lat' dir='ltr'>istas</span> <span class='ocrx_word' id='word_1_6' title='bbox 425 358 564 424; x_wconf 84' lang='lat' dir='ltr'>solvimus</span> <span class='ocrx_word' id='word_1_7' title='bbox 586 381 703 427; x_wconf 88' lang='lat' dir='ltr'>mensas</span> <span class='ocrx_word' id='word_1_8' title='bbox 725 358 846 430; x_wconf 73' lang='lat' dir='ltr'>lathem:</span> 
     </span>
     <span class='ocr_line' id='line_1_3' title="bbox 107 442 807 525; baseline 0.016 -23"><span class='ocrx_word' id='word_1_9' title='bbox 107 442 221 504; x_wconf 87' lang='lat' dir='ltr'>ieiunia</span> <span class='ocrx_word' id='word_1_10' title='bbox 243 444 337 525; x_wconf 81' lang='lat' dir='ltr'>exple,</span> <span class='ocrx_word' id='word_1_11' title='bbox 363 445 473 508; x_wconf 80' lang='lat' dir='ltr'>mixtus</span> <span class='ocrx_word' id='word_1_12' title='bbox 494 449 525 509; x_wconf 91' lang='lat' dir='ltr'>in</span> <span class='ocrx_word' id='word_1_13' title='bbox 548 445 696 510; x_wconf 76' lang='lat' dir='ltr'>Bacchum</span> <span class='ocrx_word' id='word_1_14' title='bbox 719 469 807 519; x_wconf 88' lang='lat' dir='ltr'>cruor</span> 
     </span>
     <span class='ocr_line' id='line_1_4' title="bbox 107 533 705 616; baseline 0.012 -27"><span class='ocrx_word' id='word_1_15' title='bbox 107 537 264 609; x_wconf 75' lang='lat' dir='ltr'>spectante</span> <span class='ocrx_word' id='word_1_16' title='bbox 285 537 314 591; x_wconf 92' lang='lat' dir='ltr'>te</span> <span class='ocrx_word' id='word_1_17' title='bbox 336 540 470 610; x_wconf 81' lang='lat' dir='ltr'>potetur3</span> <span class='ocrx_word' id='word_1_18' title='bbox 493 533 592 594; x_wconf 85' lang='lat' dir='ltr'>iuveni</span> <span class='ocrx_word' id='word_1_19' title='bbox 615 536 705 616; x_wconf 88' lang='lat' dir='ltr'>dapes</span> 
     </span>
     <span class='ocr_line' id='line_1_5' title="bbox 108 614 1009 704; baseline 0.014 -29"><span class='ocrx_word' id='word_1_20' title='bbox 108 632 185 693; x_wconf 89' lang='lat' dir='ltr'>quas</span> <span class='ocrx_word' id='word_1_21' title='bbox 205 615 270 695; x_wconf 91' lang='lat' dir='ltr'>ipse</span> <span class='ocrx_word' id='word_1_22' title='bbox 292 616 409 694; x_wconf 76' lang='lat' dir='ltr'>lugeres</span> <span class='ocrx_word' id='word_1_23' title='bbox 430 650 472 661; x_wconf 90' lang='lat'>-</span> <span class='ocrx_word' id='word_1_24' title='bbox 494 618 574 693; x_wconf 87' lang='lat' dir='ltr'>siste,</span> <span class='ocrx_word' id='word_1_25' title='bbox 596 636 657 699; x_wconf 93' lang='lat' dir='ltr'>quo</span> <span class='ocrx_word' id='word_1_26' title='bbox 678 614 821 704; x_wconf 83' lang='lat' dir='ltr'>praeceps</span> <span class='ocrx_word' id='word_1_27' title='bbox 842 616 1009 701; x_wconf 61' lang='lat' dir='ltr'>ruisJL,</span> 
     </span>
     <span class='ocr_line' id='line_1_6' title="bbox 108 700 937 791; baseline 0.017 -32"><span class='ocrx_word' id='word_1_28' title='bbox 108 716 194 760; x_wconf 78' lang='lat' dir='ltr'>rtur.</span> <span class='ocrx_word' id='word_1_29' title='bbox 238 700 282 761; x_wconf 75' lang='lat' dir='ltr'>ld</span> <span class='ocrx_word' id='word_1_30' title='bbox 304 711 406 780; x_wconf 78' lang='lat' dir='ltr'>stagna</span> <span class='ocrx_word' id='word_1_31' title='bbox 429 709 458 763; x_wconf 89' lang='lat' dir='ltr'>et</span> <span class='ocrx_word' id='word_1_32' title='bbox 479 710 581 764; x_wconf 86' lang='lat' dir='ltr'>amnes</span> <span class='ocrx_word' id='word_1_33' title='bbox 603 713 632 765; x_wconf 88' lang='lat' dir='ltr'>et</span> <span class='ocrx_word' id='word_1_34' title='bbox 653 700 826 770; x_wconf 80' lang='lat' dir='ltr'>recedentes</span> <span class='ocrx_word' id='word_1_35' title='bbox 846 722 937 791; x_wconf 88' lang='lat' dir='ltr'>aqu&#39;as</span> 
     </span>
    </p>
   </div>
   <div class='ocr_carea' id='block_1_3' title="bbox 26 783 939 3422">
    <p class='ocr_par' dir='ltr' id='par_1_3' title="bbox 107 783 789 870">
     <span class='ocr_line' id='line_1_7' title="bbox 107 783 789 870; baseline 0.013 -26"><span class='ocrx_word' id='word_1_36' title='bbox 107 783 259 865; x_wconf 84' lang='lat' dir='ltr'>labrisque</span> <span class='ocrx_word' id='word_1_37' title='bbox 280 785 317 847; x_wconf 89' lang='lat' dir='ltr'>ab</span> <span class='ocrx_word' id='word_1_38' title='bbox 339 786 413 867; x_wconf 90' lang='lat' dir='ltr'>ipsis</span> <span class='ocrx_word' id='word_1_39' title='bbox 434 786 548 850; x_wconf 86' lang='lat' dir='ltr'>arboris</span> <span class='ocrx_word' id='word_1_40' title='bbox 568 787 674 869; x_wconf 81' lang='lat' dir='ltr'>plenae</span> <span class='ocrx_word' id='word_1_41' title='bbox 695 791 789 870; x_wconf 77' lang='lat' dir='ltr'>luges.</span> 
     </span>
    </p>

    <p class='ocr_par' dir='ltr' id='par_1_4' title="bbox 107 867 699 936">
     <span class='ocr_line' id='line_1_8' title="bbox 107 867 699 936; baseline 0.012 -7"><span class='ocrx_word' id='word_1_42' title='bbox 107 867 201 931; x_wconf 88' lang='lat' dir='ltr'>abire</span> <span class='ocrx_word' id='word_1_43' title='bbox 214 868 245 931; x_wconf 89' lang='lat' dir='ltr'>in</span> <span class='ocrx_word' id='word_1_44' title='bbox 267 877 362 932; x_wconf 88' lang='lat' dir='ltr'>atrum</span> <span class='ocrx_word' id='word_1_45' title='bbox 385 872 512 934; x_wconf 92' lang='lat' dir='ltr'>carceris</span> <span class='ocrx_word' id='word_1_46' title='bbox 532 867 619 935; x_wconf 89' lang='lat' dir='ltr'>liceat</span> <span class='ocrx_word' id='word_1_47' title='bbox 640 874 699 936; x_wconf 90' lang='lat' dir='ltr'>mei</span> 
     </span>
    </p>

    <p class='ocr_par' dir='ltr' id='par_1_5' title="bbox 108 953 751 1037">
     <span class='ocr_line' id='line_1_9' title="bbox 108 953 751 1037; baseline 0.011 -23"><span class='ocrx_word' id='word_1_48' title='bbox 108 953 216 1027; x_wconf 89' lang='lat' dir='ltr'>cubile,</span> <span class='ocrx_word' id='word_1_49' title='bbox 239 953 334 1032; x_wconf 88' lang='lat' dir='ltr'>liceat,</span> <span class='ocrx_word' id='word_1_50' title='bbox 355 956 379 1017; x_wconf 89' lang='lat' dir='ltr'>si</span> <span class='ocrx_word' id='word_1_51' title='bbox 401 976 506 1037; x_wconf 87' lang='lat' dir='ltr'>parum</span> <span class='ocrx_word' id='word_1_52' title='bbox 528 957 629 1020; x_wconf 87' lang='lat' dir='ltr'>videor</span> <span class='ocrx_word' id='word_1_53' title='bbox 651 961 751 1035; x_wconf 87' lang='lat' dir='ltr'>miser,</span> 
     </span>
    </p>

    <p class='ocr_par' dir='ltr' id='par_1_6' title="bbox 107 1040 663 1120">
     <span class='ocr_line' id='line_1_10' title="bbox 107 1040 663 1120; baseline 0.009 -20"><span class='ocrx_word' id='word_1_54' title='bbox 107 1047 224 1100; x_wconf 89' lang='lat' dir='ltr'>mutare</span> <span class='ocrx_word' id='word_1_55' title='bbox 245 1041 339 1120; x_wconf 82' lang='lat' dir='ltr'>ripas:</span> <span class='ocrx_word' id='word_1_56' title='bbox 362 1040 443 1103; x_wconf 84' lang='lat' dir='ltr'>alveo</span> <span class='ocrx_word' id='word_1_57' title='bbox 465 1043 580 1104; x_wconf 87' lang='lat' dir='ltr'>medius</span> <span class='ocrx_word' id='word_1_58' title='bbox 603 1054 663 1116; x_wconf 89' lang='lat' dir='ltr'>tuo,</span> 
     </span>
    </p>

    <p class='ocr_par' dir='ltr' id='par_1_7' title="bbox 106 1123 906 1207">
     <span class='ocr_line' id='line_1_11' title="bbox 106 1123 906 1207; baseline 0.018 -23"><span class='ocrx_word' id='word_1_59' title='bbox 106 1123 304 1202; x_wconf 72' lang='lat' dir='ltr'>Phlegethon,</span> <span class='ocrx_word' id='word_1_60' title='bbox 325 1125 477 1207; x_wconf 87' lang='lat' dir='ltr'>relinquar</span> <span class='ocrx_word' id='word_1_61' title='bbox 498 1128 586 1206; x_wconf 83' lang='lat' dir='ltr'>igneo</span> <span class='ocrx_word' id='word_1_62' title='bbox 609 1128 726 1192; x_wconf 86' lang='lat' dir='ltr'>cinctus</span> <span class='ocrx_word' id='word_1_63' title='bbox 747 1132 832 1193; x_wconf 88' lang='lat' dir='ltr'>lreto.</span> <span class='ocrx_word' id='word_1_64' title='bbox 900 1190 906 1199; x_wconf 74' lang='grc'>,</span> 
     </span>
    </p>

    <p class='ocr_par' dir='ltr' id='par_1_8' title="bbox 108 1210 758 1293">
     <span class='ocr_line' id='line_1_12' title="bbox 108 1210 758 1293; baseline 0.012 -24"><span class='ocrx_word' id='word_1_65' title='bbox 108 1210 288 1291; x_wconf 85' lang='lat' dir='ltr'>quicumque</span> <span class='ocrx_word' id='word_1_66' title='bbox 309 1230 421 1293; x_wconf 86' lang='lat' dir='ltr'>poenas</span> <span class='ocrx_word' id='word_1_67' title='bbox 441 1213 507 1292; x_wconf 79' lang='lat' dir='ltr'>lege</span> <span class='ocrx_word' id='word_1_68' title='bbox 528 1214 655 1276; x_wconf 90' lang='lat' dir='ltr'>latorum</span> <span class='ocrx_word' id='word_1_69' title='bbox 677 1216 758 1277; x_wconf 84' lang='lat' dir='ltr'>datas</span> 
     </span>
    </p>

    <p class='ocr_par' dir='ltr' id='par_1_9' title="bbox 107 1294 677 1377">
     <span class='ocr_line' id='line_1_13' title="bbox 107 1294 677 1377; baseline 0.007 -21"><span class='ocrx_word' id='word_1_70' title='bbox 107 1294 169 1376; x_wconf 91' lang='lat' dir='ltr'>pati</span> <span class='ocrx_word' id='word_1_71' title='bbox 189 1294 310 1371; x_wconf 84' lang='lat' dir='ltr'>iuberis,</span> <span class='ocrx_word' id='word_1_72' title='bbox 334 1297 468 1377; x_wconf 88' lang='lat' dir='ltr'>quisquis</span> <span class='ocrx_word' id='word_1_73' title='bbox 490 1316 577 1360; x_wconf 81' lang='lat' dir='ltr'>exeso</span> <span class='ocrx_word' id='word_1_74' title='bbox 598 1299 677 1361; x_wconf 89' lang='lat' dir='ltr'>iaces</span> 
     </span>
    </p>

    <p class='ocr_par' dir='ltr' id='par_1_10' title="bbox 106 1380 797 1462">
     <span class='ocr_line' id='line_1_14' title="bbox 106 1380 797 1462; baseline 0.009 -21"><span class='ocrx_word' id='word_1_75' title='bbox 106 1380 229 1461; x_wconf 85' lang='lat' dir='ltr'>pavidus</span> <span class='ocrx_word' id='word_1_76' title='bbox 249 1382 305 1443; x_wconf 89' lang='lat' dir='ltr'>sub</span> <span class='ocrx_word' id='word_1_77' title='bbox 326 1395 413 1444; x_wconf 85' lang='lat' dir='ltr'>antro</span> <span class='ocrx_word' id='word_1_78' title='bbox 434 1382 553 1462; x_wconf 91' lang='lat' dir='ltr'>iamque</span> <span class='ocrx_word' id='word_1_79' title='bbox 574 1384 690 1446; x_wconf 87' lang='lat' dir='ltr'>venturi</span> <span class='ocrx_word' id='word_1_80' title='bbox 711 1385 797 1447; x_wconf 86' lang='lat' dir='ltr'>times</span> 
     </span>
    </p>

    <p class='ocr_par' dir='ltr' id='par_1_11' title="bbox 107 1465 795 1547">
     <span class='ocr_line' id='line_1_15' title="bbox 107 1465 795 1547; baseline 0.007 -21"><span class='ocrx_word' id='word_1_81' title='bbox 107 1467 218 1527; x_wconf 88' lang='lat' dir='ltr'>montis</span> <span class='ocrx_word' id='word_1_82' title='bbox 238 1466 366 1542; x_wconf 90' lang='lat' dir='ltr'>ruinam,</span> <span class='ocrx_word' id='word_1_83' title='bbox 388 1468 523 1547; x_wconf 88' lang='lat' dir='ltr'>quisquis</span> <span class='ocrx_word' id='word_1_84' title='bbox 544 1465 695 1531; x_wconf 84' lang='lat' dir='ltr'>avidorum</span> <span class='ocrx_word' id='word_1_85' title='bbox 717 1470 795 1531; x_wconf 87' lang='lat' dir='ltr'>leros</span> 
     </span>
    </p>

    <p class='ocr_par' dir='ltr' id='par_1_12' title="bbox 105 1550 789 1635">
     <span class='ocr_line' id='line_1_16' title="bbox 105 1550 789 1635; baseline 0.006 -23"><span class='ocrx_word' id='word_1_86' title='bbox 105 1550 198 1613; x_wconf 75' lang='lat' dir='ltr'>rictum</span> <span class='ocrx_word' id='word_1_87' title='bbox 218 1550 339 1614; x_wconf 91' lang='lat' dir='ltr'>leonum</span> <span class='ocrx_word' id='word_1_88' title='bbox 361 1563 390 1613; x_wconf 90' lang='lat' dir='ltr'>et</span> <span class='ocrx_word' id='word_1_89' title='bbox 412 1553 473 1614; x_wconf 91' lang='lat' dir='ltr'>dira</span> <span class='ocrx_word' id='word_1_90' title='bbox 495 1552 651 1615; x_wconf 82' lang='lat' dir='ltr'>Furiarum</span> <span class='ocrx_word' id='word_1_91' title='bbox 673 1555 789 1635; x_wconf 78' lang='lat' dir='ltr'>agmina</span> 
     </span>
    </p>

    <p class='ocr_par' dir='ltr' id='par_1_13' title="bbox 26 1636 922 1806">
     <span class='ocr_line' id='line_1_17' title="bbox 106 1636 922 1718; baseline 0.009 -22"><span class='ocrx_word' id='word_1_92' title='bbox 106 1636 267 1717; x_wconf 87' lang='lat' dir='ltr'>implicitus</span> <span class='ocrx_word' id='word_1_93' title='bbox 287 1639 402 1712; x_wconf 90' lang='lat' dir='ltr'>horres,</span> <span class='ocrx_word' id='word_1_94' title='bbox 424 1638 560 1718; x_wconf 86' lang='lat' dir='ltr'>quisquis</span> <span class='ocrx_word' id='word_1_95' title='bbox 582 1639 728 1702; x_wconf 86' lang='lat' dir='ltr'>immissas</span> <span class='ocrx_word' id='word_1_96' title='bbox 750 1642 828 1703; x_wconf 86' lang='lat' dir='ltr'>laces</span> <span class='ocrx_word' id='word_1_97' title='bbox 918 1639 922 1658; x_wconf 92' lang='lat'>&#39;</span> 
     </span>
     <span class='ocr_line' id='line_1_18' title="bbox 26 1723 771 1806; baseline 0.004 -23"><span class='ocrx_word' id='word_1_98' title='bbox 26 1731 31 1735; x_wconf 88' lang='grc'><strong>’</strong></span> <span class='ocrx_word' id='word_1_99' title='bbox 104 1723 262 1784; x_wconf 88' lang='lat' dir='ltr'>semiustus</span> <span class='ocrx_word' id='word_1_100' title='bbox 283 1723 387 1801; x_wconf 83' lang='lat' dir='ltr'>abigis,</span> <span class='ocrx_word' id='word_1_101' title='bbox 407 1723 523 1785; x_wconf 77' lang='lat' dir='ltr'>Tantali</span> <span class='ocrx_word' id='word_1_102' title='bbox 545 1742 645 1786; x_wconf 84' lang='lat' dir='ltr'>vocem</span> <span class='ocrx_word' id='word_1_103' title='bbox 669 1727 771 1806; x_wconf 80' lang='lat' dir='ltr'>excipe</span> 
     </span>
    </p>

    <p class='ocr_par' dir='ltr' id='par_1_14' title="bbox 104 1808 833 1897">
     <span class='ocr_line' id='line_1_19' title="bbox 104 1808 833 1897; baseline 0.01 -30"><span class='ocrx_word' id='word_1_104' title='bbox 104 1808 293 1888; x_wconf 88' lang='lat' dir='ltr'>properantis</span> <span class='ocrx_word' id='word_1_105' title='bbox 313 1808 350 1871; x_wconf 91' lang='lat' dir='ltr'>ad</span> <span class='ocrx_word' id='word_1_106' title='bbox 372 1827 439 1869; x_wconf 86' lang='lat' dir='ltr'>vos:</span> <span class='ocrx_word' id='word_1_107' title='bbox 463 1809 713 1897; x_wconf 21' lang='lat' dir='ltr'>creditexerperto</span> <span class='ocrx_word' id='word_1_108' title='bbox 735 1808 833 1887; x_wconf 85' lang='lat' dir='ltr'>mihi,-¹</span> 
     </span>
    </p>

    <p class='ocr_par' dir='ltr' id='par_1_15' title="bbox 104 1894 861 1974">
     <span class='ocr_line' id='line_1_20' title="bbox 104 1894 861 1974; baseline 0.004 -21"><span class='ocrx_word' id='word_1_109' title='bbox 104 1902 197 1954; x_wconf 87' lang='lat' dir='ltr'>amate</span> <span class='ocrx_word' id='word_1_110' title='bbox 218 1911 339 1974; x_wconf 89' lang='lat' dir='ltr'>poenas.</span> <span class='ocrx_word' id='word_1_111' title='bbox 405 1894 522 1974; x_wconf 89' lang='lat' dir='ltr'>quando</span> <span class='ocrx_word' id='word_1_112' title='bbox 545 1895 698 1974; x_wconf 82' lang='lat' dir='ltr'>continget</span> <span class='ocrx_word' id='word_1_113' title='bbox 720 1895 793 1956; x_wconf 79' lang='lat' dir='ltr'>milri</span> <span class='ocrx_word' id='word_1_114' title='bbox 858 1927 861 1935; x_wconf 93' lang='lat'>·</span> 
     </span>
    </p>

    <p class='ocr_par' dir='ltr' id='par_1_16' title="bbox 104 1976 939 2060">
     <span class='ocr_line' id='line_1_21' title="bbox 104 1976 939 2060; baseline 0.01 -22"><span class='ocrx_word' id='word_1_115' title='bbox 104 1978 232 2056; x_wconf 80' lang='lat' dir='ltr'>effugere</span> <span class='ocrx_word' id='word_1_116' title='bbox 254 1976 401 2059; x_wconf 80' lang='lat' dir='ltr'>superos?</span> <span class='ocrx_word' id='word_1_117' title='bbox 449 1999 512 2040; x_wconf 80' lang='lat' dir='ltr'>uva.</span> <span class='ocrx_word' id='word_1_118' title='bbox 557 1980 634 2040; x_wconf 79' lang='lat' dir='ltr'>Ante</span> <span class='ocrx_word' id='word_1_119' title='bbox 656 1981 796 2060; x_wconf 88' lang='lat' dir='ltr'>perturba</span> <span class='ocrx_word' id='word_1_120' title='bbox 818 1983 939 2046; x_wconf 89' lang='lat' dir='ltr'>domum</span> 
     </span>
    </p>

    <p class='ocr_par' dir='ltr' id='par_1_17' title="bbox 103 2063 767 2144">
     <span class='ocr_line' id='line_1_22' title="bbox 103 2063 767 2144; baseline 0.006 -22"><span class='ocrx_word' id='word_1_121' title='bbox 103 2063 238 2144; x_wconf 79' lang='lat' dir='ltr'>inferque</span> <span class='ocrx_word' id='word_1_122' title='bbox 260 2064 357 2125; x_wconf 80' lang='lat' dir='ltr'>tecum</span> <span class='ocrx_word' id='word_1_123' title='bbox 380 2063 492 2144; x_wconf 89' lang='lat' dir='ltr'>proelia</span> <span class='ocrx_word' id='word_1_124' title='bbox 514 2072 544 2125; x_wconf 89' lang='lat' dir='ltr'>et</span> <span class='ocrx_word' id='word_1_125' title='bbox 566 2065 636 2125; x_wconf 89' lang='lat' dir='ltr'>lerri</span> <span class='ocrx_word' id='word_1_126' title='bbox 658 2065 767 2126; x_wconf 90' lang='lat' dir='ltr'>malum</span> 
     </span>
    </p>

    <p class='ocr_par' dir='ltr' id='par_1_18' title="bbox 103 2148 777 2228">
     <span class='ocr_line' id='line_1_23' title="bbox 103 2148 777 2228; baseline 0.003 -19"><span class='ocrx_word' id='word_1_127' title='bbox 103 2148 222 2228; x_wconf 80' lang='lat' dir='ltr'>regibus</span> <span class='ocrx_word' id='word_1_128' title='bbox 243 2166 383 2221; x_wconf 88' lang='lat' dir='ltr'>amorem,</span> <span class='ocrx_word' id='word_1_129' title='bbox 406 2159 532 2210; x_wconf 90' lang='lat' dir='ltr'>concute</span> <span class='ocrx_word' id='word_1_130' title='bbox 554 2149 659 2213; x_wconf 90' lang='lat' dir='ltr'>insano</span> <span class='ocrx_word' id='word_1_131' title='bbox 681 2151 777 2211; x_wconf 90' lang='lat' dir='ltr'>lerum</span> 
     </span>
    </p>

    <p class='ocr_par' dir='ltr' id='par_1_19' title="bbox 102 2233 916 2316">
     <span class='ocr_line' id='line_1_24' title="bbox 102 2233 916 2316; baseline 0.005 -21"><span class='ocrx_word' id='word_1_132' title='bbox 102 2244 206 2316; x_wconf 89' lang='lat' dir='ltr'>pectus</span> <span class='ocrx_word' id='word_1_133' title='bbox 228 2234 366 2296; x_wconf 86' lang='lat' dir='ltr'>tumultu.</span> <span class='ocrx_word' id='word_1_134' title='bbox 410 2254 494 2295; x_wconf 77' lang='lat' dir='ltr'>rann.</span> <span class='ocrx_word' id='word_1_135' title='bbox 537 2233 585 2294; x_wconf 88' lang='lat' dir='ltr'>lle</span> <span class='ocrx_word' id='word_1_136' title='bbox 607 2236 667 2315; x_wconf 92' lang='lat' dir='ltr'>pati</span> <span class='ocrx_word' id='word_1_137' title='bbox 689 2254 801 2315; x_wconf 89' lang='lat' dir='ltr'>poenas</span> <span class='ocrx_word' id='word_1_138' title='bbox 814 2236 916 2315; x_wconf 72' lang='lat' dir='ltr'>&#39;decet</span> 
     </span>
    </p>

    <p class='ocr_par' dir='ltr' id='par_1_20' title="bbox 103 2319 826 2402">
     <span class='ocr_line' id='line_1_25' title="bbox 103 2319 826 2402; baseline 0.001 -21"><span class='ocrx_word' id='word_1_139' title='bbox 103 2338 162 2382; x_wconf 91' lang='lat' dir='ltr'>non</span> <span class='ocrx_word' id='word_1_140' title='bbox 187 2337 251 2381; x_wconf 87' lang='lat' dir='ltr'>esse</span> <span class='ocrx_word' id='word_1_141' title='bbox 272 2337 408 2400; x_wconf 88' lang='lat' dir='ltr'>poenam.</span> <span class='ocrx_word' id='word_1_142' title='bbox 452 2319 554 2380; x_wconf 87' lang='lat' dir='ltr'>mittor</span> <span class='ocrx_word' id='word_1_143' title='bbox 576 2329 610 2380; x_wconf 91' lang='lat' dir='ltr'>ut</span> <span class='ocrx_word' id='word_1_144' title='bbox 631 2320 713 2381; x_wconf 85' lang='lat' dir='ltr'>dirus</span> <span class='ocrx_word' id='word_1_145' title='bbox 734 2338 826 2402; x_wconf 79' lang='lat' dir='ltr'>vapor</span> 
     </span>
    </p>

    <p class='ocr_par' dir='ltr' id='par_1_21' title="bbox 102 2403 764 2485">
     <span class='ocr_line' id='line_1_26' title="bbox 102 2403 764 2485; baseline 0 -19"><span class='ocrx_word' id='word_1_146' title='bbox 102 2403 209 2466; x_wconf 92' lang='lat' dir='ltr'>tellure</span> <span class='ocrx_word' id='word_1_147' title='bbox 230 2414 317 2483; x_wconf 90' lang='lat' dir='ltr'>rupta</span> <span class='ocrx_word' id='word_1_148' title='bbox 340 2403 384 2464; x_wconf 89' lang='lat' dir='ltr'>vel</span> <span class='ocrx_word' id='word_1_149' title='bbox 406 2422 523 2482; x_wconf 79' lang='lat' dir='ltr'>gravem</span> <span class='ocrx_word' id='word_1_150' title='bbox 545 2404 665 2485; x_wconf 89' lang='lat' dir='ltr'>populis</span> <span class='ocrx_word' id='word_1_151' title='bbox 686 2405 764 2466; x_wconf 88' lang='lat' dir='ltr'>luem</span> 
     </span>
    </p>

    <p class='ocr_par' dir='ltr' id='par_1_22' title="bbox 101 2488 852 2571">
     <span class='ocr_line' id='line_1_27' title="bbox 101 2488 852 2571; baseline 0.001 -21"><span class='ocrx_word' id='word_1_152' title='bbox 101 2507 237 2571; x_wconf 86' lang='lat' dir='ltr'>sparsura</span> <span class='ocrx_word' id='word_1_153' title='bbox 259 2489 360 2569; x_wconf 85' lang='lat' dir='ltr'>pestis,</span> <span class='ocrx_word' id='word_1_154' title='bbox 382 2488 488 2550; x_wconf 89' lang='lat' dir='ltr'>ducam</span> <span class='ocrx_word' id='word_1_155' title='bbox 510 2488 541 2549; x_wconf 89' lang='lat' dir='ltr'>ln</span> <span class='ocrx_word' id='word_1_156' title='bbox 562 2490 747 2551; x_wconf 90' lang='lat' dir='ltr'>horrendum</span> <span class='ocrx_word' id='word_1_157' title='bbox 769 2491 852 2552; x_wconf 83' lang='lat' dir='ltr'>nolas</span> 
     </span>
    </p>

    <p class='ocr_par' dir='ltr' id='par_1_23' title="bbox 100 2573 792 2656">
     <span class='ocr_line' id='line_1_28' title="bbox 100 2573 792 2656; baseline 0 -20"><span class='ocrx_word' id='word_1_158' title='bbox 100 2590 170 2636; x_wconf 85' lang='lat' dir='ltr'>avus</span> <span class='ocrx_word' id='word_1_159' title='bbox 191 2582 315 2655; x_wconf 84' lang='lat' dir='ltr'>nepotes</span> <span class='ocrx_word' id='word_1_160' title='bbox 336 2606 379 2618; x_wconf 91' lang='lat'><em>-</em></span> <span class='ocrx_word' id='word_1_161' title='bbox 401 2591 507 2653; x_wconf 77' lang='lat' dir='ltr'>magne</span> <span class='ocrx_word' id='word_1_162' title='bbox 528 2573 661 2635; x_wconf 79' lang='lat' dir='ltr'>dirorum</span> <span class='ocrx_word' id='word_1_163' title='bbox 683 2593 792 2656; x_wconf 88' lang='lat' dir='ltr'>pareus</span> 
     </span>
    </p>

    <p class='ocr_par' dir='ltr' id='par_1_24' title="bbox 102 2658 793 2741">
     <span class='ocr_line' id='line_1_29' title="bbox 102 2658 793 2741; baseline 0 -20"><span class='ocrx_word' id='word_1_164' title='bbox 102 2669 270 2741; x_wconf 83' lang='lat' dir='ltr'>nosterque,</span> <span class='ocrx_word' id='word_1_165' title='bbox 294 2658 425 2738; x_wconf 80' lang='lat' dir='ltr'>quamuis</span> <span class='ocrx_word' id='word_1_166' title='bbox 447 2658 565 2739; x_wconf 89' lang='lat' dir='ltr'>pudeat,</span> <span class='ocrx_word' id='word_1_167' title='bbox 587 2659 702 2738; x_wconf 80' lang='lat' dir='ltr'>ingenti</span> <span class='ocrx_word' id='word_1_168' title='bbox 723 2659 793 2721; x_wconf 89' lang='lat' dir='ltr'>licet</span> 
     </span>
    </p>

    <p class='ocr_par' dir='ltr' id='par_1_25' title="bbox 99 2743 758 2825">
     <span class='ocr_line' id='line_1_30' title="bbox 99 2743 758 2825; baseline -0.005 -19"><span class='ocrx_word' id='word_1_169' title='bbox 99 2754 191 2807; x_wconf 83' lang='lat' dir='ltr'>taxata</span> <span class='ocrx_word' id='word_1_170' title='bbox 214 2762 310 2825; x_wconf 85' lang='lat' dir='ltr'>poena</span> <span class='ocrx_word' id='word_1_171' title='bbox 331 2743 433 2824; x_wconf 81' lang='lat' dir='ltr'>lingna</span> <span class='ocrx_word' id='word_1_172' title='bbox 454 2743 605 2806; x_wconf 91' lang='lat' dir='ltr'>crucietur</span> <span class='ocrx_word' id='word_1_173' title='bbox 624 2743 758 2824; x_wconf 84' lang='lat' dir='ltr'>loquax,&#39;</span> 
     </span>
    </p>

    <p class='ocr_par' dir='ltr' id='par_1_26' title="bbox 100 2827 822 2902">
     <span class='ocr_line' id='line_1_31' title="bbox 100 2827 822 2902; baseline 0 -12"><span class='ocrx_word' id='word_1_174' title='bbox 100 2849 154 2891; x_wconf 89' lang='lat' dir='ltr'>nec</span> <span class='ocrx_word' id='word_1_175' title='bbox 176 2830 233 2891; x_wconf 89' lang='lat' dir='ltr'>hoc</span> <span class='ocrx_word' id='word_1_176' title='bbox 254 2827 375 2891; x_wconf 85' lang='lat' dir='ltr'>tacebo:</span> <span class='ocrx_word' id='word_1_177' title='bbox 397 2846 515 2902; x_wconf 87' lang='lat' dir='ltr'>moneo,</span> <span class='ocrx_word' id='word_1_178' title='bbox 538 2848 575 2890; x_wconf 89' lang='lat' dir='ltr'>ne</span> <span class='ocrx_word' id='word_1_179' title='bbox 598 2844 694 2890; x_wconf 87' lang='lat' dir='ltr'>sacras</span> <span class='ocrx_word' id='word_1_180' title='bbox 716 2846 822 2890; x_wconf 90' lang='lat' dir='ltr'>manus</span> 
     </span>
    </p>

    <p class='ocr_par' dir='ltr' id='par_1_27' title="bbox 99 2913 627 2976">
     <span class='ocr_line' id='line_1_32' title="bbox 99 2913 627 2976; baseline -0.002 0"><span class='ocrx_word' id='word_1_181' title='bbox 99 2915 203 2976; x_wconf 85' lang='lat' dir='ltr'>violate</span> <span class='ocrx_word' id='word_1_182' title='bbox 225 2914 313 2976; x_wconf 82' lang='lat' dir='ltr'>caede</span> <span class='ocrx_word' id='word_1_183' title='bbox 335 2932 409 2975; x_wconf 87' lang='lat' dir='ltr'>neve</span> <span class='ocrx_word' id='word_1_184' title='bbox 430 2913 527 2974; x_wconf 90' lang='lat' dir='ltr'>luriali</span> <span class='ocrx_word' id='word_1_185' title='bbox 549 2913 627 2975; x_wconf 89' lang='lat' dir='ltr'>malo</span> 
     </span>
    </p>

    <p class='ocr_par' dir='ltr' id='par_1_28' title="bbox 98 2998 832 3081">
     <span class='ocr_line' id='line_1_33' title="bbox 98 2998 832 3081; baseline -0.008 -18"><span class='ocrx_word' id='word_1_186' title='bbox 98 2999 243 3081; x_wconf 79' lang='lat' dir='ltr'>aspergite</span> <span class='ocrx_word' id='word_1_187' title='bbox 264 2999 352 3060; x_wconf 52' lang='lat' dir='ltr'>aras(</span> <span class='ocrx_word' id='word_1_188' title='bbox 381 2998 464 3060; x_wconf 80' lang='lat' dir='ltr'>stabo</span> <span class='ocrx_word' id='word_1_189' title='bbox 487 3008 517 3059; x_wconf 89' lang='lat' dir='ltr'>et</span> <span class='ocrx_word' id='word_1_190' title='bbox 538 2998 645 3075; x_wconf 83' lang='lat' dir='ltr'>arcebo</span> <span class='ocrx_word' id='word_1_191' title='bbox 668 2998 765 3060; x_wconf 88' lang='lat' dir='ltr'>scelus</span> <span class='ocrx_word' id='word_1_192' title='bbox 792 3031 832 3041; x_wconf 91' lang='lat'>—</span> 
     </span>
    </p>

    <p class='ocr_par' dir='ltr' id='par_1_29' title="bbox 98 3082 772 3167">
     <span class='ocr_line' id='line_1_34' title="bbox 98 3082 772 3167; baseline -0.001 -23"><span class='ocrx_word' id='word_1_193' title='bbox 98 3085 168 3167; x_wconf 90' lang='lat' dir='ltr'>quid</span> <span class='ocrx_word' id='word_1_194' title='bbox 191 3103 242 3146; x_wconf 92' lang='lat' dir='ltr'>ora</span> <span class='ocrx_word' id='word_1_195' title='bbox 263 3092 358 3145; x_wconf 89' lang='lat' dir='ltr'>terres</span> <span class='ocrx_word' id='word_1_196' title='bbox 379 3082 500 3145; x_wconf 87' lang='lat' dir='ltr'>verbere</span> <span class='ocrx_word' id='word_1_197' title='bbox 523 3094 552 3146; x_wconf 91' lang='lat' dir='ltr'>et</span> <span class='ocrx_word' id='word_1_198' title='bbox 572 3093 667 3146; x_wconf 86' lang='lat' dir='ltr'>tortos</span> <span class='ocrx_word' id='word_1_199' title='bbox 688 3085 772 3144; x_wconf 86' lang='lat' dir='ltr'>l&#39;erox</span> 
     </span>
    </p>

    <p class='ocr_par' dir='ltr' id='par_1_30' title="bbox 97 3164 880 3248">
     <span class='ocr_line' id='line_1_35' title="bbox 97 3164 880 3248; baseline -0.003 -16"><span class='ocrx_word' id='word_1_200' title='bbox 97 3169 217 3232; x_wconf 87' lang='lat' dir='ltr'>minaris</span> <span class='ocrx_word' id='word_1_201' title='bbox 238 3166 373 3247; x_wconf 79' lang='lat' dir='ltr'>angues?</span> <span class='ocrx_word' id='word_1_202' title='bbox 406 3167 477 3248; x_wconf 89' lang='lat' dir='ltr'>quid</span> <span class='ocrx_word' id='word_1_203' title='bbox 498 3169 605 3229; x_wconf 91' lang='lat' dir='ltr'>lamem</span> <span class='ocrx_word' id='word_1_204' title='bbox 627 3169 746 3231; x_wconf 83' lang='lat' dir='ltr'>infixam</span> <span class='ocrx_word' id='word_1_205' title='bbox 767 3164 880 3230; x_wconf 88' lang='lat' dir='ltr'>intimis</span> 
     </span>
    </p>

    <p class='ocr_par' dir='ltr' id='par_1_31' title="bbox 98 3250 749 3334">
     <span class='ocr_line' id='line_1_36' title="bbox 98 3250 749 3334; baseline -0.005 -17"><span class='ocrx_word' id='word_1_206' title='bbox 98 3257 189 3334; x_wconf 83' lang='lat' dir='ltr'>agitas</span> <span class='ocrx_word' id='word_1_207' title='bbox 210 3250 369 3315; x_wconf 80' lang='lat' dir='ltr'>medullis?</span> <span class='ocrx_word' id='word_1_208' title='bbox 398 3254 501 3332; x_wconf 82' lang='lat' dir='ltr'>llagrat</span> <span class='ocrx_word' id='word_1_209' title='bbox 521 3255 679 3315; x_wconf 88' lang='lat' dir='ltr'>incensum</span> <span class='ocrx_word' id='word_1_210' title='bbox 701 3253 749 3315; x_wconf 89' lang='lat' dir='ltr'>siti</span> 
     </span>
    </p>

    <p class='ocr_par' dir='ltr' id='par_1_32' title="bbox 98 3336 840 3422">
     <span class='ocr_line' id='line_1_37' title="bbox 98 3336 840 3422; baseline -0.005 -19"><span class='ocrx_word' id='word_1_211' title='bbox 98 3360 148 3403; x_wconf 90' lang='lat' dir='ltr'>cor</span> <span class='ocrx_word' id='word_1_212' title='bbox 170 3350 199 3402; x_wconf 87' lang='lat' dir='ltr'>et</span> <span class='ocrx_word' id='word_1_213' title='bbox 220 3339 349 3422; x_wconf 87' lang='lat' dir='ltr'>perustis</span> <span class='ocrx_word' id='word_1_214' title='bbox 369 3339 485 3400; x_wconf 85' lang='lat' dir='ltr'>flamma</span> <span class='ocrx_word' id='word_1_215' title='bbox 507 3339 667 3400; x_wconf 88' lang='lat' dir='ltr'>visceribus</span> <span class='ocrx_word' id='word_1_216' title='bbox 688 3336 777 3400; x_wconf 87' lang='lat' dir='ltr'>micat</span> <span class='ocrx_word' id='word_1_217' title='bbox 799 3373 840 3383; x_wconf 91' lang='lat'><em>-</em></span> 
     </span>
    </p>
   </div>
   <div class='ocr_carea' id='block_1_4' title="bbox 98 3522 196 3574">
    <p class='ocr_par' dir='ltr' id='par_1_33' title="bbox 98 3522 196 3574">
     <span class='ocr_line' id='line_1_38' title="bbox 98 3522 196 3574; baseline 0.01 -15"><span class='ocrx_word' id='word_1_218' title='bbox 98 3522 196 3574; x_wconf 85' lang='lat' dir='ltr'>sequor.</span> 
     </span>
    </p>
   </div>
   <div class='ocr_carea' id='block_1_5' title="bbox 97 3611 297 3621">
    <p class='ocr_par' dir='ltr' id='par_1_34' title="bbox 97 3611 297 3621">
     <span class='ocr_line' id='line_1_39' title="bbox 97 3611 297 3621; baseline -0.015 0"><span class='ocrx_word' id='word_1_219' title='bbox 97 3611 297 3621; x_wconf 71' lang='grc'>------</span> 
     </span>
    </p>
   </div>
   <div class='ocr_carea' id='block_1_6' title="bbox 95 3672 1168 4012">
    <p class='ocr_par' dir='ltr' id='par_1_35' title="bbox 95 3672 1168 4012">
     <span class='ocr_line' id='line_1_40' title="bbox 179 3672 1166 3744; baseline -0.002 -14"><span class='ocrx_word' id='word_1_220' title='bbox 179 3679 210 3730; x_wconf 80' lang='grc'>67</span> <span class='ocrx_word' id='word_1_221' title='bbox 230 3684 319 3744; x_wconf 87' lang='lat' dir='ltr'>preces</span> <span class='ocrx_word' id='word_1_222' title='bbox 336 3674 433 3739; x_wconf 65' lang='lat' dir='ltr'>rnisss‘</span> <span class='ocrx_word' id='word_1_223' title='bbox 500 3676 532 3726; x_wconf 85' lang='grc'>68</span> <span class='ocrx_word' id='word_1_224' title='bbox 551 3676 648 3737; x_wconf 88' lang='lat' dir='ltr'>amnes]</span> <span class='ocrx_word' id='word_1_225' title='bbox 673 3686 761 3725; x_wconf 85' lang='lat' dir='ltr'>menes</span> <span class='ocrx_word' id='word_1_226' title='bbox 779 3672 804 3724; x_wconf 79' lang='grc' dir='ltr'><em>Ε</em></span> <span class='ocrx_word' id='word_1_227' title='bbox 871 3674 905 3725; x_wconf 81' lang='lat' dir='ltr'>to</span> <span class='ocrx_word' id='word_1_228' title='bbox 924 3675 1023 3741; x_wconf 71' lang='lat' dir='ltr'>annom</span> <span class='ocrx_word' id='word_1_229' title='bbox 1039 3674 1065 3725; x_wconf 80' lang='lat' dir='ltr'>ll</span> <span class='ocrx_word' id='word_1_230' title='bbox 1134 3678 1166 3728; x_wconf 81' lang='lat'>72</span> 
     </span>
     <span class='ocr_line' id='line_1_41' title="bbox 96 3740 1168 3817; baseline -0.002 -20"><span class='ocrx_word' id='word_1_231' title='bbox 96 3752 191 3797; x_wconf 85' lang='lat' dir='ltr'>mutere</span> <span class='ocrx_word' id='word_1_232' title='bbox 208 3742 307 3811; x_wconf 79' lang='lat' dir='ltr'>ipsell</span> <span class='ocrx_word' id='word_1_233' title='bbox 372 3742 408 3796; x_wconf 72' lang='lat'>‘16</span> <span class='ocrx_word' id='word_1_234' title='bbox 427 3743 521 3817; x_wconf 89' lang='lat' dir='ltr'>quique</span> <span class='ocrx_word' id='word_1_235' title='bbox 537 3748 602 3796; x_wconf 59' lang='grc' dir='ltr'>Μ.</span> <span class='ocrx_word' id='word_1_236' title='bbox 621 3742 646 3793; x_wconf 81' lang='grc' dir='ltr'><em>Α</em></span> <span class='ocrx_word' id='word_1_237' title='bbox 715 3745 749 3794; x_wconf 74' lang='grc' dir='ltr'>Π</span> <span class='ocrx_word' id='word_1_238' title='bbox 764 3741 831 3794; x_wconf 80' lang='lat' dir='ltr'>teres</span> <span class='ocrx_word' id='word_1_239' title='bbox 849 3740 874 3792; x_wconf 82' lang='grc' dir='ltr'><em>Ε</em></span> <span class='ocrx_word' id='word_1_240' title='bbox 926 3743 959 3794; x_wconf 77' lang='lat'>82</span> <span class='ocrx_word' id='word_1_241' title='bbox 975 3748 1038 3811; x_wconf 76' lang='lat' dir='ltr'>post</span> <span class='ocrx_word' id='word_1_242' title='bbox 1053 3758 1078 3793; x_wconf 87' lang='lat' dir='ltr'>o.</span> <span class='ocrx_word' id='word_1_243' title='bbox 1095 3742 1168 3795; x_wconf 61' lang='lat'>842</span> 
     </span>
     <span class='ocr_line' id='line_1_42' title="bbox 95 3808 1168 3877; baseline 0 -15"><span class='ocrx_word' id='word_1_244' title='bbox 95 3815 191 3877; x_wconf 77' lang='lat' dir='ltr'>(rector</span> <span class='ocrx_word' id='word_1_245' title='bbox 210 3812 277 3862; x_wconf 77' lang='lat' dir='ltr'>ordo</span> <span class='ocrx_word' id='word_1_246' title='bbox 295 3808 502 3863; x_wconf 74' lang='lat' dir='ltr'>lndtea‘irienon</span> <span class='ocrx_word' id='word_1_247' title='bbox 516 3813 610 3877; x_wconf 75' lang='lat' dir='ltr'>primo</span> <span class='ocrx_word' id='word_1_248' title='bbox 626 3818 719 3874; x_wconf 83' lang='lat' dir='ltr'>manu)</span> <span class='ocrx_word' id='word_1_249' title='bbox 772 3811 807 3862; x_wconf 77' lang='lat'>92</span> <span class='ocrx_word' id='word_1_250' title='bbox 822 3809 913 3876; x_wconf 86' lang='lat' dir='ltr'>loquar</span> <span class='ocrx_word' id='word_1_251' title='bbox 930 3810 958 3859; x_wconf 85' lang='lat' dir='ltr'><em>A</em></span> <span class='ocrx_word' id='word_1_252' title='bbox 1005 3814 1039 3864; x_wconf 83' lang='grc'>93</span> <span class='ocrx_word' id='word_1_253' title='bbox 1058 3820 1128 3864; x_wconf 82' lang='lat' dir='ltr'>sacra</span> <span class='ocrx_word' id='word_1_254' title='bbox 1141 3811 1168 3862; x_wconf 81' lang='lat' dir='ltr'><em>A</em></span> 
     </span>
     <span class='ocr_line' id='line_1_43' title="bbox 96 3877 1167 3946; baseline -0.003 -13"><span class='ocrx_word' id='word_1_255' title='bbox 96 3884 127 3934; x_wconf 76' lang='lat'>94</span> <span class='ocrx_word' id='word_1_256' title='bbox 143 3879 238 3932; x_wconf 82' lang='lat' dir='ltr'>violata</span> <span class='ocrx_word' id='word_1_257' title='bbox 256 3879 282 3930; x_wconf 81' lang='lat' dir='ltr'><em>A</em></span> <span class='ocrx_word' id='word_1_258' title='bbox 333 3881 366 3931; x_wconf 82' lang='lat'>95</span> <span class='ocrx_word' id='word_1_259' title='bbox 384 3879 541 3946; x_wconf 80' lang='lat' dir='ltr'>aspergatA</span> <span class='ocrx_word' id='word_1_260' title='bbox 599 3881 648 3931; x_wconf 82' lang='lat'>100</span> <span class='ocrx_word' id='word_1_261' title='bbox 664 3880 778 3944; x_wconf 80' lang='lat' dir='ltr'>proprio</span> <span class='ocrx_word' id='word_1_262' title='bbox 795 3893 874 3928; x_wconf 78' lang='lat' dir='ltr'>verm</span> <span class='ocrx_word' id='word_1_263' title='bbox 891 3877 948 3930; x_wconf 79' lang='grc' dir='ltr'>ΕΑ.</span> <span class='ocrx_word' id='word_1_264' title='bbox 977 3878 1073 3930; x_wconf 81' lang='lat' dir='ltr'>delevit</span> <span class='ocrx_word' id='word_1_265' title='bbox 1089 3877 1167 3932; x_wconf 68' lang='lat' dir='ltr'>fliet-</span> 
     </span>
     <span class='ocr_line' id='line_1_44' title="bbox 97 3944 919 4012; baseline -0.005 -13"><span class='ocrx_word' id='word_1_266' title='bbox 97 3955 182 4012; x_wconf 75' lang='lat' dir='ltr'>tmte3</span> <span class='ocrx_word' id='word_1_267' title='bbox 199 3947 264 4007; x_wconf 75' lang='lat' dir='ltr'>fort.</span> <span class='ocrx_word' id='word_1_268' title='bbox 281 3947 477 3999; x_wconf 79' lang='lat' dir='ltr'>interciderunt</span> <span class='ocrx_word' id='word_1_269' title='bbox 495 3946 599 4011; x_wconf 81' lang='lat' dir='ltr'>aliquot</span> <span class='ocrx_word' id='word_1_270' title='bbox 615 3961 708 3997; x_wconf 76' lang='lat' dir='ltr'>ocrem</span> <span class='ocrx_word' id='word_1_271' title='bbox 723 3945 800 4012; x_wconf 84' lang='lat' dir='ltr'>pleni</span> <span class='ocrx_word' id='word_1_272' title='bbox 815 3944 919 4007; x_wconf 73' lang='lat' dir='ltr'>[rororis</span> 
     </span>
    </p>
   </div>
   <div class='ocr_carea' id='block_1_7' title="bbox 913 4029 961 4083">
    <p class='ocr_par' dir='ltr' id='par_1_36' title="bbox 913 4029 961 4083">
     <span class='ocr_line' id='line_1_45' title="bbox 913 4029 961 4083; baseline 0.042 -2"><span class='ocrx_word' id='word_1_273' title='bbox 913 4029 961 4083; x_wconf 77' lang='lat'>16*</span> 
     </span>
    </p>
   </div>
   <div class='ocr_carea' id='block_1_8' title="bbox 0 0 1334 4488">
    <p class='ocr_par' dir='ltr' id='par_1_37' title="bbox 0 0 1334 4488">
     <span class='ocr_line' id='line_1_46' title="bbox 0 0 1334 4488; baseline 0 3"><span class='ocrx_word' id='word_1_274' title='bbox 0 0 1334 4488; x_wconf 95' lang='lat' dir='ltr'> </span> 
     </span>
    </p>
   </div>
  </div>
 </body>
</html>
