2658 4488
175 209 238 273 224
558 225 587 269 n.
609 225 714 269 tunam
736 225 864 269 suuncio

176 380 246 460 quid
268 380 324 441 lios
346 378 433 440 simul
455 376 554 458 perire
576 376 732 438 nobiseum
755 376 842 451 iuvat,

176 465 285 544 quibus
307 460 461 545 perimus?
490 463 584 523 sistite
607 463 747 525 inlautum
769 478 864 524 mare:

176 550 255 611 uelut
276 550 329 611 ista
352 548 473 610 Danaos
490 548 592 609 elassis
614 556 644 608 et
664 547 757 609 Troas
779 548 878 609 vehit!

177 653 233 697 neo
254 635 339 716 plura
362 642 504 714 possunt:
528 642 655 712 oeoupat
674 651 775 694 voeem
799 650 888 695 mare.

262 720 339 782 Eece
361 719 416 781 alia
440 718 546 779 clades.
590 717 715 780 fulmine
737 717 801 780 irati
824 717 900 779 lovis

177 815 285 868 armata
307 804 402 866 Pallas
424 802 566 884 quidquid
588 814 639 865 out
659 803 741 864 hasta
763 803 862 864 minax
960 863 967 883 s

177 900 228 952 aut
249 891 350 969 aegide
371 899 401 950 et
421 891 522 949 lurore
545 887 703 966 Gorgoneo
726 895 825 967 potest

178 984 229 1037 aut
249 975 319 1055 igne
341 974 436 1054 patrio
458 981 591 1052 temptat,
614 981 642 1033 et
664 972 745 1034 eaelo
769 991 860 1034 norae

177 1062 292 1142 spirant
313 1059 470 1140 procellae.
515 1057 596 1118 solus
618 1058 745 1119 invictus
766 1059 850 1120 malis

177 1147 307 1208 luctatur
328 1145 408 1206 Aiax.
453 1141 514 1204 vela
537 1150 692 1220 cogentem
715 1145 797 1205 huno
818 1159 872 1205 sna

178 1242 260 1293 teuto
283 1230 408 1290 rudente
429 1229 544 1289 damma
566 1228 739 1308 perstrinxit
761 1229 879 1290 cadens.

179 1315 303 1377 libratur
324 1314 403 1376 aliud
425 1314 554 1375 tulmen:
578 1314 635 1374 hoe
656 1322 718 1374 toto
734 1313 846 1394 impetu

180 1409 292 1462 eertum
316 1400 435 1462 reducta
458 1398 552 1460 Pallas
574 1400 704 1460 excussit
725 1417 825 1474 manu,

179 1486 287 1548 imitata
310 1494 434 1566 patrem.
477 1483 583 1545 transit
604 1484 722 1544 Aiacem
745 1495 775 1545 et
796 1493 888 1546 ratem

179 1572 309 1651 ratisque
331 1577 443 1650 partem
466 1586 567 1629 seeum
590 1579 619 1631 et
641 1570 757 1630 Aiacem
780 1569 858 1631 tulit.

180 1659 222 1718 nil
244 1657 293 1718 ille
315 1665 424 1730 motus,
447 1654 537 1715 ardua
559 1663 593 1716 ut
614 1662 725 1729 cautes,
748 1655 809 1715 salo

180 1743 333 1804 ambustus
355 1749 441 1812 extat,
463 1739 573 1800 dirimit
595 1740 732 1801 insanum
754 1757 835 1801 mare

168 1829 348 1906 'lluotusque
370 1825 481 1905 rumpit
502 1832 623 1904 pectore
644 1832 674 1885 et
695 1841 798 1886 narem
820 1843 911 1887 manu

180 1912 352 1992 complexus
374 1910 459 1990 ignes
479 1909 566 1970 traxit
588 1918 617 1972 et
638 1927 726 1971 eaeoo
748 1910 822 1971 mari

181 1998 319 2059 conlucet
340 1995 421 2069 Aiax,
443 2013 532 2056 omue
554 1994 723 2075 resplendet
743 1995 862 2057 fretum.

178 2082 294 2145 tandem
317 2092 459 2159 oooupata
475 2099 557 2161 rupe
580 2080 773 2143 furibundum
796 2080 928 2142 intonat:
986 2116 989 2121 «
1071 2112 1076 2121 -

178 2175 346 2246 ‘superasse
368 2166 440 2227 iuvit
463 2166 585 2246 pelagus
607 2162 802 2245 atque⁸ignes
824 2200 866 2210 -
888 2166 966 2226 iuvat

178 2253 283 2313 vicisse
306 2250 418 2312 caelum
441 2250 585 2312 Palladem
610 2251 722 2312 fulmen
743 2268 833 2312 mare.

178 2355 240 2398 nou
263 2355 310 2397 me
332 2335 441 2414 fugarit
462 2335 560 2396 belliei
583 2345 681 2397 terror
703 2335 749 2396 dei

179 2421 315 2483 Phoebea
339 2439 394 2481 nee
415 2439 464 2482 me
486 2420 543 2482 tela
565 2420 746 2500 pepulerunt
769 2419 877 2499 gradu:

181 2524 247 2567 oum
270 2505 436 2585 Phrygibus
457 2506 530 2567 istos
551 2506 675 2566 vicimus
697 2539 738 2550 -
761 2513 829 2567 tene
851 2502 1011 2568 horream?

180 2591 273 2652 aliena
296 2590 384 2652 inerti
407 2590 463 2652 tela
486 2590 577 2651 mittis
600 2590 729 2652 dextera.

181 2677 251 2755 quid
275 2676 300 2737 si
321 2677 386 2754 ipse
408 2673 535 2737 mittatl'
586 2675 671 2755 plura
694 2694 761 2737 eum
786 2677 907 2738 auderet
928 2676 1040 2750 furens,

179 2762 307 2823 tridente
329 2778 433 2840 rupem
456 2760 575 2822 subruit
597 2761 712 2839 pulsam
735 2771 819 2841 pater

180 2845 338 2926 Neptunus
360 2846 426 2906 imis
449 2864 573 2907 exerens
596 2847 683 2908 undis
707 2856 797 2926 eaput

181 2932 325 3010 solvitque
346 2940 477 2992 montem
485 2950 494 3007 ;
516 2949 604 3011 quem
628 2932 736 2993 uadens
758 2950 858 2993 seeum
880 2932 948 2994 tulit

182 3026 318 3095 terraque
342 3023 371 3076 et
392 3016 462 3095 igne
484 3016 578 3079 viotus
600 3026 629 3077 et
650 3016 754 3095 pelago
778 3016 861 3078 iacet.

264 3101 325 3160 Nos
347 3099 402 3161 alia
424 3103 518 3163 maior
540 3102 697 3179 naufragos
719 3102 811 3181 pestis
833 3110 925 3163 vooat.
1030 3110 1035 3120 “

181 3234 386 3247 *ha-un·-

181 3308 207 3353 et
224 3301 356 3354 lleetorem
374 3315 425 3352 uua
443 3301 514 3354 solus
531 3305 557 3354 et
574 3300 681 3354 ltlartem
701 3301 747 3356 tuli
1214 3312 1253 3354 att

183 3418 386 3435 ...a-d-—n———n

268 3489 317 3541 525
354 3494 405 3540 ‚et
422 3486 540 3540 sistiteE
592 3491 642 3541 526
661 3488 738 3541 troius
750 3474 858 3540 velutin*
881 3489 961 3542 'l'roas
979 3488 1092 3541 simulA
1144 3489 1193 3541 530
1213 3492 1255 3539 aut

182 3556 266 3609 furore
291 3572 321 3607 eo
342 3557 366 3606 d.
389 3559 511 3607 coareaeit
536 3554 686 3607 Gronovius
763 3560 813 3611 534
831 3563 905 3609 tenso
923 3558 949 3608 A
1028 3560 1076 3610 538
1099 3556 1255 3623 ratisque:r

183 3628 256 3689 nigr.
273 3624 334 3676 2m.
351 3628 369 3676 i.
389 3640 442 3676 rar.
461 3624 567 3675 litterae
584 3625 658 3676 rubr.
677 3624 709 3676 Ε.
728 3653 763 3663 —-
780 3630 807 3678 et
824 3625 907 3680 Aiacis
925 3626 950 3677 Α
968 3630 995 3678 et
1011 3625 1093 3691 magis
1107 3623 1133 3675 Ε
1151 3639 1221 3675 eorr.
1236 3626 1255 3685 ς

183 3696 233 3746 542
251 3709 273 3746 c.
286 3693 317 3750 ,iu
335 3707 363 3744 se
381 3692 457 3779 traxit
475 3691 550 3744 codd.
569 3696 689 3744 eorrenit
706 3693 861 3777 Madvigius
872 3694 931 3746 adu.
944 3694 972 3745 11
979 3709 1010 3793 p
1021 3694 1072 3749 125
1107 3696 1170 3776 ι545
1181 3706 1254 3774 supe

102 3823 104 3827 ·
182 3760 493 3890 lllllllltlflssd
511 3761 734 3882 ”matula
749 3778 863 3881 ilidii
882 3765 916 3880 ll·
934 3761 1254 3883 ‘multituda

183 3902 236 3944 tera
248 3897 274 3946 A
292 3899 412 3946 eorreaea‘t
425 3896 533 3961 Lipsius
550 3897 599 3949 tela
618 3896 770 3963 pepulerunt
787 3897 904 3965 graduE
921 3900 966 3964 (aa
977 3914 1001 3949 υ.
1013 3898 1075 3963 549)
1138 3900 1189 3950 556
1207 3902 1252 3949 ter·
1296 3874 1297 3957 l

183 3974 275 4024 raquo:
294 3966 320 4011 te
337 3977 372 4010 eae
388 3967 416 4013 to
435 3965 451 4017 1
460 3979 495 4015 m.
512 3967 544 4015 ut
561 3965 614 4015 oid.
632 3965 658 4015 u
