2658 4488
555 275 696 320 rutbertus

170 421 220 483 ille
241 422 380 498 certabat,
402 423 583 505 pavidusque
605 427 707 507 pinnis

171 506 274 570 anxiae
296 507 393 569 noctis
414 509 483 588 vigil
505 510 677 575 incubabat:

171 592 256 673 peior
277 602 322 655 est
344 592 422 654 bello
444 595 535 659 timor
555 598 619 677 ipse
641 598 721 661 belli.

170 678 229 738 iam
250 679 348 740 minae
371 679 447 740 saevi
472 680 604 743 cecidere
626 683 707 757 ferri,

169 762 228 824 iarn
250 763 317 824 silet
337 781 472 825 murmur
491 783 580 842 grave
602 767 801 843 classicorum,

169 845 227 909 iam
249 858 328 910 tacet
348 849 455 911 stridor
476 849 543 913 litui
565 852 738 934 strepentis:

171 931 228 993 alta
250 951 306 1015 pax
328 933 394 995 urbi
417 943 550 997 revocata
573 936 665 1003 laetae
687 948 740 1000 est

169 1017 223 1092 sic,
244 1018 296 1079 ubi
318 1037 353 1080 er
375 1018 434 1081 elto
456 1029 591 1083 tumuere
613 1023 720 1085 ssuctm
801 1074 809 1090 t

169 1101 315 1164 Bruttium
339 1103 416 1165 Coro
438 1105 562 1167 feriente
582 1116 719 1187 pontum,

170 1187 266 1269 Scylla
287 1188 411 1270 pulsatis
430 1202 551 1253 resonat
571 1194 703 1257 cavernis

169 1291 204 1334 ac
225 1273 358 1335 marein
380 1284 468 1355 portu
491 1276 617 1338 timuere
635 1288 743 1343 mutae

169 1359 249 1439 qood
271 1377 360 1439 rapax
382 1359 519 1422 baustum
539 1360 663 1425 revomit
684 1361 854 1443 Charybdis,

171 1453 200 1504 et
220 1444 301 1505 ierus
322 1443 448 1525 Cyclops
468 1446 572 1509 metuit
594 1458 747 1527 parentem

170 1547 245 1609 rupe
266 1529 406 1590 Ferventis
429 1531 561 1592 residens
582 1532 613 1592 in
636 1532 756 1608 Aetnae,

170 1632 207 1674 ne
229 1614 393 1694 superfusis
413 1615 538 1677 violetur
560 1617 648 1678 undis
742 1690 744 1699 x

169 1699 247 1779 ignis
267 1700 396 1761 aeternis
417 1718 560 1762 resonans
581 1702 714 1775 caminis,

170 1794 199 1845 θῖ
220 1792 305 1866 putat
326 1785 418 1865 mergi
440 1804 493 1847 sua
514 1804 602 1866 posse
624 1806 737 1868 pauper

168 1888 260 1949 regna
280 1869 400 1932 Laertes
421 1869 518 1932 ltbaca
541 1878 699 1933 tremente:

169 1954 194 2016 si
215 1973 286 2016 suae
307 1955 402 2017 ventis
423 1956 555 2017 cecidere
576 1957 661 2031 vires,

169 2040 269 2101 mitius
290 2050 393 2119 stagno
415 2041 538 2121 pelagus
559 2041 720 2116 recumbit;

169 2124 236 2200 alta,
259 2144 333 2205 quae
356 2126 437 2187 naris
459 2125 556 2187 timuit
577 2145 686 2201 secare,

169 2210 239 2271 binc
262 2221 289 2271 et
311 2210 382 2272 binc
402 2211 476 2272 fusis
497 2211 631 2291 speciosa
653 2211 724 2273 velis

167 2305 256 2357 strata
277 2294 391 2357 ludenti
413 2305 534 2375 patuere
556 2296 688 2371 cumbae,

169 2390 198 2441 et
220 2390 300 2442 vacet
320 2399 434 2442 mersos
456 2400 612 2442 numerare
634 2382 731 2462 pisces

168 2466 217 2526 bic
238 2465 288 2527 ubi
310 2465 422 2544 ingenti
445 2467 533 2527 modo
554 2465 610 2527 sub
633 2467 761 2546 procella

168 2548 306 2631 Cyclades
327 2559 454 2631 pontum
475 2552 601 2612 timuere
622 2561 728 2613 motae.

235 2633 321 2696 Nulla
342 2654 408 2697 sors
428 2636 516 2715 longa
539 2645 598 2697 est:
620 2637 706 2697 dolor
727 2655 762 2697 ac
783 2628 916 2718 rolu'ptas

169 2718 294 2781 invicem
317 2721 440 2795 cedunt3
464 2720 581 2782 brevior
602 2721 745 2801 voluptas.

168 2804 226 2866 ima
246 2814 394 2886 permutat
414 2805 485 2866 levis
506 2806 579 2867 bora
601 2807 732 2867 summis.

168 2888 217 2950 ille
240 2889 290 2970 qui
312 2890 402 2952 donat
423 2891 554 2952 diadema
576 2890 678 2964 isonti,

168 2993 255 3055 quem
277 2993 357 3055 genu
379 2977 463 3038 nixae
485 2986 632 3037 tremuere
653 2985 766 3054 gentes,

167 3060 252 3121 cuins
273 3060 309 3121 ad
331 3070 437 3123 nutum
459 3079 586 3141 posuere
607 3060 684 3121 bella

167 3144 269 3206 Medus
291 3157 320 3205 et
342 3145 453 3207 Phoebi
475 3145 625 3226 propioris
646 3144 737 3206 ludus

167 3237 196 3290 θῖ
217 3228 314 3291 llabae
336 3230 452 3292 Parthis
473 3231 601 3310 equitem
623 3230 737 3305 minati,

165 3315 270 3376 anxius
291 3324 441 3396 sceptrum
463 3325 543 3376 tenet
565 3324 594 3377 θῖ
614 3324 768 3376 moventes

166 3410 274 3463 concta
293 3400 402 3462 divinat
424 3400 587 3481 metuitque
608 3419 694 3461 casus

165 3484 290 3547 mobiles
311 3504 409 3547 rerum
432 3485 612 3567 dubiumque
635 3494 761 3564 tempus.

165 3588 216 3632 ros
239 3569 347 3651 quibus
368 3581 466 3632 rector
487 3571 576 3632 maris
597 3580 683 3649 atquc
709 3578 803 3630 terrae

165 3740 214 3791 571
233 3738 302 3791 nocti
319 3738 346 3788 A
418 3738 469 3792 576
485 3736 556 3789 urbis
572 3736 606 3788 A.
623 3763 658 3774 -
675 3741 716 3787 est
732 3750 783 3786 om.
800 3735 829 3795 u
885 3734 934 3787 5¹18
951 3731 1028 3789 cboro
1045 3732 1071 3784 Ε
1087 3732 1149 3787 Bru·

78 3804 145 3863 stium
166 3809 246 3873 ponto
269 3805 375 3861 feriente
397 3821 484 3859 eornm
507 3806 533 3856 A
610 3805 660 3856 ete
678 3802 794 3871 polsatus
811 3803 836 3854 Ε
904 3803 954 3854 580
977 3800 1003 3853 in
1025 3806 1108 3854 totum
1124 3803 1150 3853 A

76 3875 130 3927 «581
149 3878 233 3926 auster
249 3875 275 3925 A
292 3873 377 3929 hausit
394 3878 414 3939 ς
487 3876 535 3927 591
555 3872 666 3938 spatiosa
684 3872 710 3922 A
777 3872 827 3924 597
846 3869 1150 3934 om.¹1r,redadau2·n

10 3948 11 3951 ’
84 3956 166 4007 marg.
184 3943 244 3995 tm.
262 3945 424 4006 (atramento
441 3941 573 4007 cognoro)
632 3941 680 3992 598
699 3938 819 4004 brevis&
865 3940 914 3991 603
933 3935 1048 4004 dacae&
1098 3943 1148 3993 605

85 4013 170 4063 cuneta
187 4009 291 4062 divitias
308 4012 333 4062 A

133 4104 228 4145 Senem
239 4102 364 4154 megoedlee
377 4100 405 4143 II.
542 4064 544 4067 v
915 4091 944 4141 l'l
