2652 4486
176 223 239 286 340
656 235 775 279 uorans

176 398 294 453 sentent
316 387 425 451 codicis
447 393 476 453 Σ
495 388 645 469 aequalem
669 389 798 471 itemque
820 389 897 452 vane
922 388 1049 451 lectione
1072 390 1263 451 instructum

178 510 266 573 quam
293 491 419 556 subinde
446 500 497 555 aut
523 500 703 573 receperunt
730 491 844 554 scribae
872 492 1007 554 codicum
1040 489 1067 564 Q
1098 501 1130 553 et
1160 491 1191 552 R
1216 504 1264 555 aut

183 597 327 679 pristinae
348 595 523 677 exemplaris
543 594 664 657 lectioni
686 595 717 656 in
739 594 872 672 margine
893 593 1103 656 adiunxerant.

264 698 286 760 i
308 699 410 762 codiee
425 699 540 761 nullum
563 696 756 776 interpolatae
770 697 954 759 recensionis
973 697 1180 776 antiquiorem
1206 698 1264 758 ori-
1312 690 1313 749 i

178 803 257 884 ginis
284 819 364 863 anno
395 808 527 864 notatum
557 798 644 862 nobis
671 798 837 860 innotuisse
858 798 1029 859 monuimus
1058 797 1077 858 l.
1101 817 1128 859 s.
1152 818 1188 879 p.
1215 801 1263 861 42.

180 922 215 969 ex
239 923 298 987 quo
320 901 561 984 transcriptumb
584 898 743 962 codiccml
765 899 948 962 contuleram
971 910 1131 981 antequam
1154 901 1264 963 arebe-

180 1019 284 1089 typum
299 1007 493 1081 invenissem
510 1004 690 1085 ubicumque
705 1002 795 1084 igitur
805 1002 911 1065 accidit
926 1011 960 1065 ut
973 1003 1139 1084 apographi
1155 1003 1263 1065 lectio
1312 1002 1313 1015 ¹

182 1128 251 1172 nem
274 1108 468 1182 coenaverim,
499 1105 674 1186 exemplaris
703 1105 899 1185 neglexerim,
928 1106 1038 1168 codicis
1060 1106 1071 1166 i
1092 1107 1265 1185 scripturas

182 1212 316 1285 alleram3
338 1210 390 1290 qui
413 1226 617 1291 quaecumque
639 1225 710 1291 prae
732 1205 754 1267 t
775 1208 897 1289 propria
918 1207 1006 1270 babet
1028 1228 1076 1283 ea,
1099 1206 1161 1271 nisi
1188 1210 1265 1270 torte

184 1334 220 1377 ex
242 1313 412 1376 coniectura
434 1311 446 1372 l
465 1311 564 1372 locum
588 1310 760 1386 emendarit,
784 1310 901 1373 silentio
923 1328 1064 1390 premam.

273 1413 318 1491 Ρ)
339 1415 389 1492 9⁴)
412 1412 466 1491 ir)
491 1413 539 1490 0⁶)
562 1420 702 1492 quattuor
715 1410 793 1490 libri,
817 1431 945 1493 quorum
959 1431 1141 1476 consensum
1161 1414 1267 1494 potius

185 1535 274 1598 quarn
298 1534 484 1580 communem
499 1516 691 1596 archetypum
714 1515 810 1579 littera
824 1518 863 1579 H
882 1516 990 1594 notavi,
1013 1516 1083 1579 satis
1105 1534 1221 1596 puram
1241 1526 1268 1579 ct

183 1619 363 1683 incolumem
378 1618 505 1698 vulgaris
527 1617 662 1680 lectionis
684 1618 841 1697 imaginem
860 1620 996 1685 reddunt.
1044 1617 1137 1681 codex
1154 1619 1184 1679 0
1208 1628 1268 1681 me
1312 1654 1313 1679 ;

185 1722 266 1784 dium
289 1721 435 1802 quendam
458 1720 536 1783 inter
560 1724 591 1782 to
614 1731 643 1784 et
663 1722 702 1783 Π
720 1721 819 1783 locum
842 1731 933 1784 tenet.

272 1824 408 1888 Octaviae
430 1823 547 1887 codices
568 1841 674 1885 omnes
697 1840 773 1904 quos
795 1831 931 1886 tenemus
944 1823 999 1885 uni
1021 1823 1096 1885 libro
1120 1824 1197 1886 satis
1221 1842 1267 1885 re-

186 1926 265 1989 centi
277 1927 421 2007 originem
434 1925 541 1988 debere
553 1923 738 2006 corruptelae
749 1942 923 1989 communes
933 1926 1042 1988 docent
1056 1925 1161 2005 quales
1173 1946 1204 1987 v.
1217 1929 1267 1991 oo.

190 2031 260 2094 153.
284 2029 356 2092 317.
380 2029 441 2094 850
464 2027 647 2102 invenimus,
678 2037 712 2089 ut
740 2027 822 2089 locos
844 2028 961 2108 gravius
983 2037 1013 2090 et
1039 2029 1165 2091 sortasse
1190 2029 1268 2091 anti·

188 2131 290 2211 quitus
311 2139 470 2211 corruptos
491 2139 683 2212 praeteream.
716 2129 868 2211 archetypi
884 2130 963 2192 illius
981 2130 1141 2193 lectionem
1157 2148 1267 2193 novem

187 2233 325 2295 codicum
348 2251 424 2313 quos
438 2233 643 2296 recensuimus
658 2249 808 2295 consensu
832 2233 1046 2313 repraesentari
1064 2242 1268 2307 certum*est;

190 2336 316 2416 propius
332 2354 410 2410 vero,
434 2335 484 2397 ubi
507 2334 694 2412 dissentiunt,
717 2336 753 2397 ad
776 2335 853 2399 illam
869 2335 960 2398 libros
978 2335 1101 2416 reliquis
1122 2336 1268 2398 vetustio

187 2456 239 2500 ros
260 2436 345 2500 noi
366 2437 505 2500 accedere
527 2435 660 2517 quolibet
680 2437 747 2500 loco
770 2448 901 2519 apparet.
944 2438 1079 2519 proxime
1101 2438 1220 2500 accedit
1234 2441 1268 2512 Σ,

191 2542 254 2604 lere
269 2539 410 2603 immnms
424 2541 475 2604 ille
490 2539 674 2603 noviciorum
686 2539 822 2603 codicum
837 2549 867 2604 et
881 2541 1020 2604 sordibus
1031 2541 1267 2604 et'conieotnris

190 2643 244 2723 qui
267 2661 335 2705 cum
357 2661 418 2706 non
433 2643 575 2706 immunis
588 2643 627 2709 sit
649 2641 928 2723 interpolationibus
943 2662 1003 2705 non
1023 2643 1123 2706 multis
1148 2643 1269 2723 quidem

279 2846 306 2907 2)
323 2859 345 2898 c.
358 2861 383 2912 g.
397 2861 422 2899 u.
434 2848 467 2900 83
487 2795 745 2917 αΐβὶοἰῗὲιῖοἱίονᾳι
763 2846 822 2908 affl.
841 2847 890 2897 tibi
901 2846 1037 2898 meliorel
1095 2860 1121 2896 v.
1143 2847 1191 2897 143
1208 2847 1269 2896 birro

193 2973 256 3019 erto
272 2918 354 3019 misr
371 2963 524 3026 sucinorum
537 2965 560 3017 L
583 2967 646 3017 binc
663 2971 724 3017 orto
742 2971 782 3017 ert
797 2964 914 3026 rameri.
935 2965 945 3016 i
1013 2981 1037 3018 v.
1059 2967 1109 3018 tet
1125 2967 1156 3016 in
1174 2981 1271 3017 uenere

196 3056 279 3120 arrpi,
296 3068 344 3104 ceu
362 3050 385 3103 L
409 3054 428 3103 i.
446 3067 469 3103 v.
489 3053 576 3117 turpis
595 3068 643 3103 eeu
661 3053 671 3102 1
692 3067 750 3105 curn
767 3051 887 3104 lineolam
905 3051 1078 3104 distinctivum
1096 3050 1175 3102 solito
1194 3050 1271 3103 altien

195 3136 347 3191 subductam
364 3135 481 3189 librarius
498 3136 606 3204 proclivi
622 3151 706 3189 errore
724 3152 771 3204 pro
788 3153 801 3187 s
819 3136 904 3190 littera
921 3135 1033 3189 baberet.

282 3224 308 3287 3)
325 3221 435 3275 subeon:
455 3222 542 3273 decern
561 3221 746 3288 tragediarum
759 3221 856 3274 Seneca
869 3222 935 3273 liber
948 3221 1066 3289 suplicii.
1092 3225 1213 3288 scriptur
1224 3239 1270 3291 per

194 3325 238 3361 rue
252 3307 427 3359 Franciecum
444 3308 515 3373 (lm.
533 3322 590 3373 sup.
609 3322 671 3361 sca:
691 3310 815 3372 pavoiii)
833 3307 866 3358 de
885 3307 1025 3359 Camerino
1042 3309 1072 3359 ire
1089 3309 1200 3381 civitate
1220 3309 1269 3360 Lu-

194 3409 266 3446 cona
285 3409 356 3446 anno
375 3394 478 3447 demini
494 3402 662 3444 succinxi!
676 3408 764 3444 eume
781 3393 914 3444 decembri
931 3397 979 3444 eto.
1015 3407 1071 3444 cum
1090 3393 1270 3446 commentatio

196 3478 294 3533 Nicolai
312 3478 441 3532 Trevetbi.
1053 3468 1059 3479 ‘

283 3566 309 3629 ll
327 3564 353 3616 in
371 3562 490 3618 Muecioli
514 3564 597 3621 indice
619 3565 693 3619 codd.
712 3564 773 3617 bibl.
790 3563 982 3617 Malatcstianee
1000 3563 1148 3615 Caesenatis
1167 3564 1178 3615 l
1196 3578 1223 3630 p.
1242 3565 1270 3616 aa

199 3650 302 3704 saeculo
320 3649 363 3702 llll
382 3654 476 3704 temere
494 3652 628 3720 ascriptus,

286 3738 312 3800 bl
330 3735 420 3804 incipit
435 3736 475 3789 lit.
489 3740 553 3799 219;
572 3738 679 3791 subice:
698 3738 779 3789 Lucii
791 3737 880 3788 Amori
891 3734 989 3786 Seneca
1007 3733 1073 3785 liber
1086 3734 1271 3799 tragediarum

200 3823 320 3889 suplicii.
356 3837 433 3888 quem
450 3826 549 3889 scripsi
565 3839 614 3890 ego
627 3822 831 3876 Bartholomaeus
849 3820 882 3873 de
893 3819 1070 3872 Maeineteto
1088 3819 1122 3870 de
1138 3817 1272 3870 Biluieiao

199 3911 324 3959 notarius
341 3911 367 3958 et
384 3909 463 3960 erasis
481 3910 496 3961 2
515 3908 630 3963 versibus
648 3913 675 3962 et
691 3907 811 3962 dimidio:
829 3910 858 3959 in
875 3914 1070 3958 uoooumim

287 3995 313 4055 6)
332 3991 444 4044 abscissa
462 3993 542 4060 prima
560 3994 646 4046 fabula
663 3994 753 4061 incipit
770 3995 796 4046 in
814 3993 881 4063 Tby.
902 3997 957 4048 173.
1005 4064 1012 4082 Ι
