2658 4488
151 256 213 320 282
536 273 565 315 ι.
587 272 691 315 anunm
714 272 839 315 sunnone

151 425 247 506 Scylla
269 434 299 487 et
321 422 482 504 Charybdis
504 423 602 486 Sicula
626 434 829 504 contorquens
851 424 925 488 freta

152 512 251 573 minus
273 508 430 585 timendae,
454 508 534 570 nulla
557 528 618 571 non
641 509 746 571 melior
769 510 829 572 lero
852 519 906 572 est.

151 614 279 676 namquo
301 606 334 656 ut
355 594 463 657 reluxit
485 593 605 675 paelicis
628 603 728 675 captae
752 595 842 658 decus

153 691 180 742 et
202 681 284 743 lulsit
306 680 366 742 lole
390 679 485 761 qualis
507 679 629 742 innubis
651 680 714 742 dies

151 766 271 847 purisve
293 765 405 828 clarum
429 765 566 828 noctibus
588 765 671 827 sidus
694 766 792 843 micat,

152 852 232 915 stetit
254 851 365 914 furenti
388 851 491 914 similis
514 868 548 913 ac
570 859 686 913 torvum
707 852 831 914 intuens

152 937 296 1000 Herculea
319 937 467 1011 coniunx;
491 937 547 998 leta
571 947 604 998 ut
627 937 764 998 Armenia
787 937 887 998 iacens

151 1023 206 1085 sub
230 1041 306 1102 rupe
328 1022 412 1101 tigris
434 1021 521 1083 hoste
543 1030 704 1101 conspecto
727 1021 809 1084 exilit

151 1117 201 1170 aut
223 1107 301 1169 iussa
324 1107 458 1187 thyrsum
481 1114 602 1185 quatere
626 1116 803 1187 conceptum
827 1106 925 1170 terens

152 1193 270 1255 Maenas
292 1191 431 1272 Lyaeum,
456 1190 543 1254 dubia
566 1210 626 1270 quo
649 1210 770 1270 gressus
795 1193 870 1254 ierat

151 1277 245 1340 haesit
267 1295 443 1358 parumper3
467 1286 529 1338 tum
553 1295 608 1357 per
630 1276 792 1339 Herculeos
814 1278 890 1340 lares

152 1362 274 1425 attonita
297 1363 400 1436 fertur,
424 1371 484 1424 tota
505 1364 552 1425 vix
574 1364 645 1424 satis
668 1372 713 1425 est
735 1363 857 1425 domus:

152 1447 289 1521 incurrit,
313 1456 400 1524 errat,
423 1448 509 1523 sistit,
532 1449 563 1510 in
586 1450 681 1510 voltus
704 1448 789 1509 dolor

152 1533 299 1614 processit
321 1533 429 1610 omnis,
452 1534 565 1614 pectori
589 1552 684 1614 paene
706 1533 811 1595 intimo

153 1618 227 1681 nihil
250 1627 294 1680 est
316 1618 468 1694 relictum;
492 1619 580 1681 dctus
603 1619 772 1698 insequitur
793 1619 897 1680 minas.

153 1723 209 1766 nec
231 1722 311 1766 unus
333 1703 449 1766 habitus
472 1704 558 1766 durat
579 1713 629 1766 aut
651 1723 713 1765 uno
735 1704 808 1765 lurit

101 1832 104 1837 -
153 1800 291 1852 contenta
315 1788 410 1851 voltu:
434 1808 516 1852 nuno
537 1789 730 1851 inardescunt
752 1807 855 1868 genae,

152 1873 248 1955 pallor
270 1875 409 1937 ruborem
431 1874 514 1955 pellit
537 1882 566 1936 et
588 1877 697 1936 lormas
720 1874 805 1935 dolor

153 1968 230 2022 errat
251 1978 306 2040 per
328 1978 446 2021 omnes:
471 1961 616 2041 queritur,
639 1960 786 2040 implorat,
810 1960 908 2038 gemit.

153 2063 282 2108 sonuere
305 2055 422 2124 postes:
447 2064 516 2107 ecce
538 2045 692 2126 praecipiti
716 2045 809 2124 gradu

152 2138 264 2192 secreta
285 2130 393 2192 mentis
415 2149 466 2193 ore
490 2132 614 2193 confuso
638 2131 739 2193 exerit.

443 2283 623 2345 DElANlRA

238 2385 462 2465 Quamcumque
485 2394 598 2465 partem
621 2385 698 2447 sedis
721 2384 867 2446 aetheriae
890 2383 1009 2464 premis,

153 2470 283 2531 coniunx
306 2470 460 2545 Tonantis,
483 2471 566 2532 mitte
589 2472 620 2532 in
645 2470 766 2533 Alciden
789 2470 881 2530 leram

155 2574 230 2635 quae
252 2555 325 2617 milri
347 2556 417 2617 satis
440 2556 487 2616 sit.
531 2555 556 2616 si
579 2574 637 2635 qua
659 2556 819 2617 fecundum
843 2563 931 2635 caput

153 2640 261 2721 palude
283 2647 343 2702 tota
364 2642 473 2702 vastior
494 2658 620 2720 serpens
641 2649 748 2715 movet,

154 2725 254 2803 ignara
277 2726 364 2801 vinci,
388 2727 412 2787 si
436 2725 505 2806 quid
529 2726 653 2789 excessit
675 2728 753 2788 ieras

154 2812 280 2871 immane
303 2811 400 2873 dirum
423 2810 575 2884 horribile,
598 2830 658 2891 quo
680 2813 742 2873 viso
766 2809 908 2872 Hercules

153 2904 262 2957 avertat
285 2896 398 2971 oculos,
422 2896 479 2958 hoo
502 2916 594 2978 specu
618 2897 762 2960 immenso
786 2904 877 2958 exeat.

154 2981 198 3042 vel
221 2980 246 3042 si
268 2981 348 3042 serae
371 2992 526 3061 negantur,
550 2983 627 3044 hanc
649 2983 775 3044 animam
798 2998 905 3061 precor

154 3077 292 3128 converte
316 3066 345 3127 in
368 3066 487 3147 aliquod
511 3102 551 3112 —-
575 3067 727 3146 quodlibet
749 3084 870 3147 possum
893 3066 1001 3128 malum

153 3151 209 3212 bac
230 3162 329 3214 mente
351 3152 425 3213 fieri.
471 3153 623 3214 commoda
647 3153 773 3232 effigiem
795 3151 867 3212 mihi

154 3254 254 3317 parem
277 3236 387 3297 dolori:
412 3256 472 3299 non
496 3237 574 3318 capit
595 3246 700 3317 pectus
722 3236 827 3298 minas.

154 3321 224 3400 quid
249 3321 361 3384 excutis
383 3321 497 3383 telluris
520 3329 665 3384 extremae
688 3322 772 3384 sinus

154 3407 316 3487 orbemque
338 3405 458 3469 versas?
493 3407 563 3487 quid
586 3426 671 3487 rogas
693 3406 790 3468 Ditem
812 3403 908 3468 mala?

155 3510 258 3555 omnes
280 3493 311 3554 in
334 3492 390 3555 isto
413 3501 533 3573 pectore
555 3492 688 3555 invenies
710 3493 787 3554 ieras

242 3680 290 3731 236
309 3693 342 3729 m.
362 3680 400 3728 est
418 3675 529 3728 timenda
549 3677 624 3728 codd,
643 3681 752 3727 coruom·
821 3678 870 3729 238
888 3676 912 3725 in
932 3675 1013 3726 nubes
1031 3674 1055 3724 Ε
1114 3674 1165 3724 239
1186 3689 1234 3739 pu-

154 3761 242 3798 rnmve
261 3745 335 3798 claris
353 3747 376 3794 A
446 3747 493 3797 241
514 3748 628 3796 armento
646 3745 732 3796 iacens
750 3745 775 3793 A
834 3747 884 3796 244
902 3757 1005 3809 gressus
1023 3741 1126 3809 agotA
1181 3742 1234 3794 246

155 3813 287 3880 lymphata
305 3813 409 3881 rapitur,
428 3817 482 3865 tota
500 3814 525 3863 A
593 3815 641 3866 241
662 3812 749 3864 vultus
767 3811 824 3876 uA,
844 3812 878 3874 cf
898 3811 920 3876 l,
938 3812 970 3863 61
1031 3812 1080 3863 248
1099 3810 1234 3860 omnesld

155 3883 205 3932 249
222 3880 271 3933 ins.
290 3881 412 3946 gennsA
464 3883 511 3934 251
532 3881 642 3932 vultuA
659 3886 690 3930 ut
707 3882 807 3946 ubique
859 3882 908 3932 255
927 3879 1053 3932 exieritb'
1100 3880 1150 3931 256
1167 3891 1234 3943 qua-

155 3961 264 4012 cumque
281 3948 306 3998 Ε
374 3951 422 4000 261
443 3948 511 4014 qnod
530 3948 613 4000 11.-
632 3947 747 4000 hercules
765 3963 800 3998 ec
817 3947 926 4000 herculis
946 3950 960 4000 1
971 3963 1004 3998 m.
1026 3947 1051 3998 Ε
1103 3947 1153 3999 262
1172 3946 1234 3997 sinu

90 4075 95 4083 ι
155 4011 224 4063 imm·
242 4015 268 4063 A
336 4017 385 4068 264
404 4015 537 4081 aliquid?
606 4018 654 4068 269
673 4016 789 4067 invenias
808 4016 833 4066 A
