2776 4476
181 232 220 292 10
570 247 597 287 n.
613 246 717 288 runem
732 246 859 288 sennenn

179 398 300 460 Arcadia
317 405 437 478 quatere
452 412 571 458 nemora
587 396 761 458 Maenalium
777 416 870 473 suem,

180 492 357 562 taurumque
368 490 488 544 centum
504 500 564 544 non
581 482 672 542 levem
688 483 807 563 populis
824 480 957 545 metum?

179 570 257 631 inter
272 576 401 630 remotos
418 568 514 645 gentis
529 566 689 645 Hesperiae
704 586 808 647 greges

179 664 280 734 pastor
296 652 437 716 triformis
453 650 548 713 litoris
562 651 686 713 Tartesii

180 746 361 820 peremptus,
377 745 439 798 acta
455 745 498 798 est
513 737 620 818 praeda
633 737 669 797 ab
684 755 791 799 occasu
809 738 926 813 ultimo;

179 832 283 885 notum
300 821 456 885 Cithaeron
472 822 549 902 pavit
564 822 683 883 Oceano
698 840 799 902 pecus.

179 916 335 990 penetrare
350 908 449 970 iussus
464 907 535 969 solis
549 907 649 968 aestivi
665 907 764 986 plagas

180 1002 209 1055 et
224 995 326 1056 adusta
341 992 456 1054 medius
467 1010 558 1070 regna
573 1010 647 1072 quae
662 1001 754 1054 torret
769 992 831 1053 dies

180 1078 328 1158 utrimque
344 1085 460 1139 montes
476 1077 561 1138 solvit
575 1096 609 1138 ac
624 1086 712 1156 rupto
728 1077 812 1139 obice

179 1165 266 1228 latam
282 1164 379 1225 ruenti
394 1163 463 1223 tecit
478 1160 597 1224 Oceano
613 1162 697 1223 viam.

179 1258 248 1332 post
263 1251 334 1310 hacc
348 1248 467 1309 adortus
484 1247 614 1309 nemoris
629 1247 763 1327 opulenti
779 1247 881 1309 domos

162 1334 306 1417 ‚aurilcra
321 1332 416 1412 vigilis
431 1331 524 1412 spolia
539 1333 686 1412 serpentis
701 1332 769 1394 tulit
775 1351 783 1408 ;

181 1416 275 1501 quid?
297 1437 379 1479 saeva
391 1417 504 1479 Lernae
519 1427 661 1498 monstra,
678 1434 869 1479 numerosum
885 1416 1004 1493 malum,

117 1582 121 1589 ἡ
181 1524 242 1567 non
258 1504 326 1582 igne
339 1504 460 1564 demum
474 1504 543 1564 vicit
558 1512 587 1564 et
602 1503 702 1564 docuit
717 1502 802 1577 mori,

180 1590 340 1669 solitasque
354 1589 462 1669 pennis
477 1588 606 1649 condere
621 1587 754 1649 obductis
770 1588 846 1649 diem

180 1676 254 1757 petit
268 1673 303 1735 ab
319 1672 391 1754 ipsis
407 1672 536 1734 nubibus
552 1671 788 1753 Stymphalidas?

181 1780 242 1824 non
258 1758 326 1820 vicit
340 1758 423 1820 illurn
440 1758 558 1819 caelibis
573 1776 692 1839 semper
705 1758 762 1819 tori

180 1846 283 1926 regina
298 1844 394 1924 gentis
409 1842 494 1904 vidua
509 1843 766 1919 Thermodontiae,
825 1886 840 1921 ,

181 1949 237 1993 nec
251 1930 287 1991 ad
302 1947 390 1990 omne
405 1928 516 1990 clarum
531 1928 646 1989 lacinus
662 1929 786 1990 audaces
801 1945 906 1990 manus

180 2014 286 2077 stabuli
303 2013 411 2092 fugavit
426 2014 522 2093 turpis
537 2014 630 2092 hugei
645 2014 735 2074 labor.

266 2098 342 2171 Quid
358 2099 412 2162 ista
427 2095 577 2178 prosunt?
592 2098 664 2160 orbe
680 2099 801 2160 delenso
816 2107 905 2160 caret.

180 2202 301 2247 sensere
317 2192 412 2244 terrae
428 2183 508 2262 pacis
523 2193 674 2244 auctorem
690 2202 760 2245 suae

180 2269 298 2332 abesse:
316 2286 419 2329 rursus
434 2286 611 2348 prosperum
623 2287 657 2329 ac
671 2269 741 2330 lelir
756 2268 852 2330 scelus

181 2357 274 2417 virtus
289 2362 424 2427 vocatur3
441 2353 576 2415 sontibus
592 2361 697 2433 parent
713 2353 794 2429 honi,

181 2441 227 2502 ius
242 2446 287 2500 est
301 2439 331 2500 in
347 2438 446 2514 armis,
462 2437 605 2518 opprimit
619 2439 698 2517 leges
713 2438 811 2499 timor.
892 2448 894 2451 ·

181 2533 249 2587 ante
264 2542 314 2584 ora
330 2523 386 2583 vidi
404 2531 504 2584 nostra
519 2523 686 2585 truculenta
700 2541 789 2585 manu

181 2619 266 2673 natos
281 2607 396 2689 paterni
412 2608 515 2669 cadere
530 2610 614 2686 regni
629 2609 758 2670 vindices

181 2696 348 2775 ipsumque,
364 2691 463 2754 Cadmi
478 2692 586 2754 nobilis
601 2694 723 2775 stirpem
739 2694 881 2767 ultimam,

181 2779 326 2851 occidere,
342 2777 397 2838 vidi
414 2778 528 2857 regium
544 2779 631 2859 capiti
647 2780 737 2840 decus

182 2884 249 2927 oum
265 2863 359 2944 capite
372 2871 490 2944 raptum
505 2897 547 2908 -
563 2864 630 2944 quis
644 2864 714 2930 satis
728 2863 843 2924 Thebas
858 2856 948 2923 fleat?

182 2952 261 3012 ferar
276 2950 398 3011 deorum
413 2957 501 3023 terra,
520 2968 608 3029 quem
624 2951 776 3011 dominum
791 2942 915 3010 tremis?

127 3096 129 3099 .
182 3055 198 3097 e
213 3035 298 3096 cuius
313 3033 388 3094 arvis
401 3051 477 3112 eque
491 3035 619 3096 secundo
635 3035 703 3096 sinu

182 3119 284 3181 stricto
303 3118 441 3179 iuventus
457 3130 520 3181 orta
535 3138 602 3180 cunt
619 3120 696 3180 scrro
712 3119 792 3180 stetit

181 3203 325 3282 cuiusque
340 3220 441 3263 muros
458 3212 544 3264 natus
558 3205 706 3283 Amphion
721 3204 788 3264 love

181 3288 288 3361 struxit
302 3305 411 3348 canoro
426 3306 494 3348 saxa
508 3287 658 3350 modulatu
674 3289 803 3363 trahens,

181 3374 212 3436 in
229 3373 313 3434 ouius
329 3371 432 3432 urbem
448 3391 508 3433 non
524 3375 615 3435 semel
631 3373 728 3435 divum
745 3390 853 3452 parcns

181 3510 385 3520 -..—-—-——

268 3575 317 3628 232
335 3573 439 3626 carcesii
456 3573 481 3623 Ε
549 3577 598 3628 236
624 3589 673 3641 que
690 3574 751 3626 2m.
769 3590 803 3624 ex
821 3571 913 3639 qualo*
981 3572 1029 3622 232
1049 3570 1157 3635 abrupto
1176 3567 1253 3619 codd.

182 3644 302 3694 correxit
321 3641 470 3693 Gronovius
555 3645 605 3696 238
629 3648 655 3694 et
671 3643 721 3693 inm
740 3641 822 3693 ruenti
839 3642 864 3692 A
950 3640 999 3692 239
1024 3636 1127 3689 domos:
1146 3651 1175 3688 os
1192 3636 1252 3688 2m.

182 3727 216 3760 ccc
233 3726 264 3763 us
282 3710 307 3761 Ε
388 3713 437 3762 243
479 3710 564 3763 ennio:
587 3710 679 3763 e2m.
697 3727 731 3760 ex
748 3710 799 3761 ill
877 3710 926 3761 248
950 3706 1044 3759 stabuli
1062 3721 1132 3757 corr.
1151 3720 1185 3755 ero
1202 3707 1254 3756 ste·

181 3778 248 3830 bulis
270 3780 355 3843 (lmt
382 3725 477 3830 stubub
493 3779 528 3843 Σ)
546 3778 871 3845 lt.—angaei:n2m.
890 3774 1001 3826 ocull
1091 3775 1139 3826 251
1164 3772 1254 3851 abesse

181 3848 254 3898 terris
273 3846 348 3898 codd.
367 3849 489 3897 correxit
504 3846 536 3897 de
555 3846 736 3900 Wilamowitz
813 3847 862 3897 257
886 3842 976 3910 cepitis
993 3843 1018 3893 A
1095 3843 1144 3894 269
1168 3843 1255 3893 tremrt

181 3915 214 4030 ΞΕ,
232 3915 293 4029 ὃνέ.
307 3917 325 3965 i.
338 3929 391 3965 ras.
410 3930 445 3964 em
461 3915 548 3966 tremis
566 3920 596 3965 ut
613 3915 666 3965 oid.
678 3915 703 3965 Ε
720 3917 821 3981 (tremet
835 3914 868 3974 Σ)
937 3913 986 3965 262
1005 3914 1094 3962 natus:
1113 3923 1144 3961 us
1161 3912 1179 3961 i.
1197 3923 1253 3959 rm.

208 3995 242 4029 m.
