2652 4486
338 1226 342 1231 ,
409 1149 600 1221 Huuounus
623 1151 789 1233 [sunus]

150 1326 211 1388 287
255 1323 310 1386 buc
329 1340 412 1385 mons
432 1335 458 1385 et
479 1323 548 1386 illuc
569 1327 649 1385 cesset
671 1325 779 1405 (cecidit
800 1324 899 1400 codd.)

65 1411 177 1472 Seneca
201 1416 261 1470 nat.
284 1415 396 1486 quaest.
419 1407 465 1483 vl,
482 1410 567 1484 tut
591 1412 618 1471 si
637 1409 707 1471 celis
728 1411 853 1482 medem,
877 1411 1138 1492 otest-ottonem

66 1496 158 1559 Ossan
182 1494 301 1575 Olympo
325 1491 483 1564 cohaesisse,
505 1494 603 1557 deinde
625 1505 771 1557 tonorum
791 1506 872 1557 snotu
893 1500 1091 1559 recessisse
1113 1507 1139 1559 et

64 1580 161 1660 msam
175 1582 264 1641 unius
278 1578 505 1657 moenitudinem
515 1583 621 1640 montis
636 1585 667 1641 in
682 1580 753 1641 duos
764 1591 869 1659 portes.
892 1580 1004 1645 Lucan.
1017 1581 1064 1657 Vl,
1077 1583 1136 1646 347

62 1676 210 1745 postquam
233 1665 405 1725 discessit
429 1662 548 1743 Olympo
570 1662 711 1726 Herculeo
737 1669 834 1744 crocis
856 1664 926 1726 Osse
947 1685 1037 1728 suono
1059 1666 1140 1728 sudi-

64 1761 163 1830 toeoue
183 1751 302 1810 ruioom
322 1750 408 1810 sensit
429 1766 519 1828 oquoe
541 1746 658 1810 Nereus.
706 1748 805 1811 Claud.
828 1758 902 1830 rapt.
926 1749 1008 1811 Pros.
1024 1750 1061 1826 ΙΙ,
1080 1752 1138 1814 183

65 1833 237 1896 dissiluit
257 1833 347 1913 yeltdo
368 1843 469 1894 certeco
485 1832 606 1895 Ossaeus
624 1830 754 1915 Olympo.
787 1833 926 1897 Philosts.
944 1836 1029 1915 imag.
1046 1835 1083 1911 lt,
1102 1839 1139 1898 14

65 1913 107 1982 τοὶ
131 1914 165 1981 d’
191 1912 252 2002 ὄρη
278 1915 500 1982 διίσταται
521 1915 560 1981 τὸ
583 1914 741 2003 ἀποχρῶν
770 1923 818 2002 τῷ
840 1924 984 2002 ποταμῷ
1005 1923 1138 2002 μέτρον.

66 2005 103 2065 cl.
121 2002 239 2065 [liodor.
257 2003 303 2078 lV,
322 2004 370 2079 18,
386 2004 416 2064 6.
439 2002 535 2063 Strab.
551 2021 580 2083 p.
598 2005 669 2068 436.
693 2005 798 2065 Athen.
815 2024 844 2085 p.
861 2007 923 2070 639
937 2002 971 2066 E.
1004 2005 1139 2085 Spanbe·
1165 2017 1169 2024 ’

65 2089 142 2150 mins
163 2089 198 2150 ad
223 2087 334 2150 Gallim.
357 2087 457 2167 bymn.
481 2087 543 2150 Del.
569 2091 639 2155 105.

151 2207 213 2268 496
256 2204 322 2268 loci
342 2205 443 2267 dedisti
463 2210 618 2286 conlucent,
641 2212 706 2288 reci
723 2206 800 2270 dedit
822 2207 913 2285 (debis
935 2207 1032 2283 codd.)

63 2291 144 2354 dabit
164 2290 323 2365 Hercules3
347 2289 432 2352 cuius
447 2309 557 2352 nomen
572 2300 602 2353 et
617 2310 652 2353 es
674 2292 915 2355 antecedentibus
930 2291 1014 2354 facile
1030 2292 1140 2353 subau-

63 2378 194 2524 gistella&
216 2375 286 2436 olim
309 2374 497 2437 subauditum
522 2394 587 2439 esse
610 2377 695 2440 docet
717 2377 796 2457 quod
826 2378 961 2479 sequitur
985 2382 1049 2439 ciro
1067 2395 1140 2458 pro-

150 2581 213 2645 522
256 2579 390 2658 infernus
411 2581 469 2641 sino
491 2581 588 2643 sonuit
610 2599 624 2640 e
644 2581 738 2659 fundo
758 2582 862 2660 frocos

63 2666 121 2726 boo
143 2674 224 2727 recte
253 2665 363 2729 dictum
386 2672 465 2727 esset
494 2662 519 2723 si
549 2683 583 2727 ex
612 2663 716 2727 inieris
746 2682 827 2727 nuno
855 2665 973 2729 demum
997 2659 1140 2725 Hercules

63 2759 228 2829 emergeret
236 2768 250 2825 ;.
274 2759 302 2812 at
324 2767 378 2829 pen
399 2747 474 2811 uiam
497 2748 645 2830 publicam
668 2749 703 2811 ad
725 2747 842 2811 Thebas
870 2748 990 2810 accedit.
1034 2746 1140 2827 ampli·

63 2835 159 2898 ticavit
173 2834 367 2916 interpolator
389 2833 470 2912 quod
485 2852 510 2896 v.
528 2834 586 2897 521
613 2835 648 2896 de
670 2842 748 2896 terra
764 2832 900 2897 Herculis
915 2831 1066 2914 gressibus
1081 2830 1141 2892 cal·

64 2931 128 2984 cata
151 2929 181 2982 et
195 2937 340 2982 concussa
355 2927 435 2980 recte
450 2917 572 2981 dicitur:
596 2938 649 2983 cut
665 2923 758 3000 munit
773 2915 888 2982 solum?
914 2917 987 2981 male
1010 2915 1087 2978 idem
1106 2934 1141 2977 ex

63 3025 90 3065 v.
108 3007 168 3068 523
193 3008 244 3083 (est
267 3014 307 3066 est
328 3007 438 3066 sonitus
452 3001 586 3067 Herculei
603 3006 722 3085 orodes)
745 3003 858 3069 iteravit
872 3003 995 3066 souoodi
1007 3001 1139 3063 verbum.

64 3089 194 3168 denique
209 3089 239 3151 in
259 3089 358 3151 animo
380 3087 518 3150 habuisse
536 3088 739 3170 videtur‘Tby.
755 3090 817 3153 262
839 3093 896 3149 imo
911 3091 1004 3166 munit
1018 3105 1033 3147 e
1047 3081 1141 3166 [dodo

62 3173 167 3237 solum.

151 3293 213 3356 634
257 3302 397 3355 mouetor
419 3292 613 3368 bestiolam
634 3290 712 3370 fuet
733 3297 827 3357 uirtus
847 3300 945 3355 notem

260 3376 366 3458 fimque
387 3396 516 3441 summm
537 3377 624 3440 bostis
644 3376 759 3439 Alcidae
780 3374 870 3457 lycus

63 3462 157 3524 leostio
185 3479 240 3541 pro
270 3460 356 3523 bostis
383 3480 530 3542 reponere
553 3480 614 3523 non
637 3460 782 3538 dubitaui,
811 3477 989 3540 quamquam
1014 3455 1142 3519 sciebam

64 3564 153 3608 voces
175 3544 331 3626 dactylicus
353 3555 383 3611 et
402 3547 526 3611 creticae
548 3547 580 3611 in
602 3547 844 3626 interpunctione
859 3563 926 3609 eum
949 3540 1143 3622 sequentibus

64 3631 129 3693 iere
151 3649 213 3695 non
229 3632 395 3695 coalescere
417 3631 477 3695 nisi
491 3640 527 3694 ut
546 3631 577 3697 in
598 3640 705 3710 questo
726 3630 804 3713 pede
823 3628 1001 3711 synaloephe
1022 3627 1072 3689 flat
1092 3627 1143 3703 (cl.⁴

64 3735 93 3778 v.
112 3718 193 3780 toto
215 3726 271 3778 stot
292 3735 350 3779 ecce
364 3718 403 3779 od
423 3736 491 3781 oros
511 3716 614 3793 boetio,
637 3728 766 3799 euocetot
782 3716 928 3793 monum);
951 3711 1023 3776 illud
1045 3720 1144 3774 tamen

66 3811 97 3862 et
119 3818 217 3862 sermo
240 3809 270 3862 et
298 3819 405 3867 sensus
432 3800 583 3883 postulem
605 3801 758 3864 videbatur
780 3820 836 3863 nec
858 3801 983 3864 nimium
1005 3796 1148 3858 differunt

65 3903 170 3947 versus
186 3886 281 4031 quali?
296 3896 341 3948 est
357 3889 458 3966 Agant.
475 3888 537 3952 266
554 3890 667 3968 captivo
684 3884 825 3966 Peroomo
841 3896 867 3948 et
881 3887 931 3950 dtu
946 3891 1032 3949 victos
1049 3879 1147 3961 Pbry-

65 3989 126 4049 ooo.
164 3971 203 4031 ct.
267 3972 370 4034 .922.
