2776 4476
596 272 754 316 manners.
1152 257 1210 318 197

132 428 171 488 ita
200 426 236 489 ad
264 424 411 505 potiorem
439 422 551 487 accedit
580 430 614 483 ut
639 422 685 483 vel
713 421 839 501 explicet
866 422 943 491 illam
973 423 1018 485 vel
1043 425 1161 488 definiat
1184 436 1213 488 et

134 511 272 592 suppleat
293 510 338 571 vel
361 508 489 586 denique
512 508 657 586 originem
681 525 834 568 causamve
859 508 979 569 indicet.
1023 529 1059 572 ex
1081 511 1212 574 Senecae

132 595 292 676 tragoediis
314 595 373 655 huc
395 593 528 673 pertinet
547 592 655 654 Phaed.
673 594 734 655 649
746 604 844 671 pectus
858 598 993 655 55555555
1008 614 1099 675 uapor
1113 616 1212 659 anaor-

16 736 17 741 ,
133 701 185 763 que
216 692 307 743 torret
332 681 436 758 (vapor
464 678 595 751 amoris).
641 676 687 738 Hl.
715 678 777 740 485
804 677 920 738 uulneri
946 690 974 740 et
1000 681 1083 759 ferro
1112 682 1212 745 oluius

133 767 225 843 (ferro
246 763 437 838 vulneranti).
468 764 530 826 995
553 774 673 827 urnam
685 762 797 842 prolern
812 781 912 825 555555
927 781 1075 845 oramque
1090 766 1211 829 15155555

15 858 17 925 fi
133 851 260 930 (prolem
287 849 469 927 ubicumque
497 848 659 925 latentem)
709 846 778 908 Tro.
804 849 865 909 222
895 854 1105 913 5555155555
1135 852 1212 913 dolos

132 937 280 1016 salsasque
299 946 388 996 555155
409 937 517 1010 (vestes
539 932 677 1007 fallaces)
721 932 856 1012 proxime
884 934 1124 997 55555111Ρ55551
1150 938 1210 1000 882

132 1041 207 1084 anua
234 1020 379 1121 ultriusque
402 1019 507 1098 prodet
537 1018 636 1114 (altrix
663 1016 921 1097 55151515)5Α3.
945 1021 1004 1083 301
1035 1021 1101 1082 laec
1129 1034 1211 1084 55555

132 1111 196 1186 reqi
215 1124 248 1167 55
270 1109 343 1167 uiro
388 1103 453 1177 his,
483 1121 521 1164 ne
543 1102 632 1165 nimia
655 1112 804 1165 accrescat
826 1063 935 1180 moles,
960 1104 1085 1167 aliorum
1109 1115 1211 1186 poeta·

133 1209 200 1252 rum
223 1190 315 1252 electa
335 1189 440 1250 addam
462 1187 604 1267 exempla
630 1187 687 1249 115.
704 1187 768 1248 1.551
784 1186 806 1262 1,
823 1190 886 1252 466
907 1195 1008 1269 positis
1028 1203 1091 1253 arte
1104 1210 1212 1254 55555·

133 1295 185 1357 que
206 1278 302 1336 comis.
332 1273 396 1336 her.
412 1277 443 1348 4,
460 1274 499 1336 58
523 1277 611 1334 555155
625 1282 665 1334 est
686 1284 768 1334 utero
791 1277 899 1334 crimen
920 1292 1047 1356 euinque
1067 1294 1129 1338 suo.
1163 1280 1210 1347 11,

133 1364 174 1424 64
197 1372 224 1421 51
240 1363 368 1439 positum
390 1369 429 1419 551
450 1361 529 1419 uteri
548 1362 656 1420 crimen
677 1376 802 1436 onusque
826 1378 892 1420 5555.
929 1359 1029 1422 Manil.
1052 1361 1075 1432 1,
1098 1363 1139 1424 96
1162 1381 1211 1425 555

128 1449 215 1548 prins
236 1447 389 1527 inposuit
393 1442 479 1505 55555
499 1442 639 1523 finemque
660 1461 842 1522 manumque
880 1442 992 1506 Lucan.
1009 1445 1041 1521 V,
1062 1448 1124 1510 596
1146 1465 1212 1507 cuna

133 1536 192 1593 5555
206 1547 266 1593 non
275 1533 383 1608 poterit
395 1533 490 1608 puppi
503 1538 670 1609 nostraeque
684 1527 775 1590 saluti
787 1526 877 1589 altera
892 1540 972 1591 terra
989 1530 1061 1593 dari.
1092 1530 1153 1605 Vll,
1169 1533 1209 1594 63

132 1619 214 1677 cuius
235 1613 321 1677 555’
309 1632 372 1675 5555
394 1625 568 1692 toqoque-
526 1617 702 1675 -trernurt
721 1608 857 1674 Catilina
888 1613 960 1675 Stat.
976 1614 1068 1676 Theb.
1084 1615 1132 1689 lV,
1145 1577 1209 1679 ’337

132 1712 200 1762 tunc
221 1698 296 1760 della
315 1698 368 1759 tidi
387 1699 554 1777 ferrumque
568 1699 643 1778 quod
656 1698 764 1759 ardes
752 1716 816 1777 apso
831 1697 912 1760 dado.
943 1698 993 1774 (51.
1010 1699 1070 1761 Val.
1086 1700 1110 1774 l,
1122 1661 1210 1775 268).

133 1786 195 1848 732
218 1803 268 1845 nec
290 1783 377 1861 leqern
399 1784 562 1844 dominosve
579 1787 653 1863 patr.
676 1781 743 1855 V,l
770 1783 933 1862 dispositi
920 1802 952 1844 ru
966 1795 1078 1846 turmas
1091 1803 1211 1847 rursum

59 1903 69 1935 ,-
132 1870 274 1950 loquarque
299 1871 391 1930 secui
418 1868 536 1929 ordinis.
579 1866 650 1941 llll,
675 1870 735 1935 166
765 1866 835 1929 55115
861 1870 999 1948 coqeudus
1020 1882 1047 1932 et
1067 1874 1157 1931 armis
1179 1875 1211 1931 in

132 1973 226 2016 morea
253 1953 448 2032 donnnenvque
471 1950 553 2013 Creo.
597 1951 716 2023 81111,
740 1952 802 2014 324
831 1954 893 2014 cidi
920 1959 1032 2017 animos
1053 1966 1211 2035 mortesque

133 2045 239 2101 cirum.
283 2036 340 2110 111,
365 2039 406 2099 64
434 2040 570 2116 cirqineis
598 2041 730 2099 5555555555
758 2038 846 2099 taeda
870 2043 1021 2119 primoque
1046 2038 1210 2119 1155555555

132 2124 274 2187 imbuerat
295 2126 432 2184 coniunn.
465 2124 526 2184 192
548 2127 710 2184 5555551555
731 2122 827 2201 555555
845 2134 929 2204 atque
943 2136 1057 2186 armata
1073 2124 1212 2187 Maenade

134 2208 249 2289 Calpen.
281 2209 342 2272 396
364 2207 410 2269 551
430 2224 510 2268 neore
527 2219 648 2286 patrina
669 2212 712 2269 oie
733 2217 871 2288 raptaque
881 2221 1014 2287 pascunt.
1044 2209 1093 2283 IV,
1110 2213 1169 2274 169
1185 2221 1211 2271 et

132 2295 171 2355 ad
188 2311 319 2373 puqnarn
340 2291 519 2372 Martemque
541 2295 656 2354 5555555
679 2310 802 2354 concors.
838 2294 875 2353 51.
892 2292 938 2365 Vl,
955 2296 1026 2358 208.
1057 2294 1121 2370 Xll,
1140 2297 1210 2358 196.

132 2379 204 2439 Stat.
221 2377 315 2439 Theb.
331 2375 392 2452 Vll,
410 2378 480 2440 172.
510 2375 563 2438 Sil.
579 2376 626 2451 Vl,
643 2379 684 2439 76
698 2389 836 2439 renovata
850 2378 927 2456 focis.
944 2391 971 2440 et
987 2398 1115 2460 paupere
1131 2378 1211 2442 Vesta

132 2463 255 2527 1555155.
277 2462 340 2537 vlt,
355 2462 418 2524 495
441 2467 500 2523 iarn
521 2466 633 2524 monita
654 2473 682 2524 et
702 2461 825 2524 Fadium
846 2497 888 2506 —
901 2476 1033 2526 5555555.
1064 2465 1125 2539 587
1141 2484 1211 2525 narn

132 2547 256 2611 Fadium
276 2545 476 2626 auxiliumque
497 2551 557 2609 ciri
576 2565 692 2628 operare
709 2546 844 2626 pudebat.
871 2547 959 2623 XVll,
979 2552 1037 2612 194
1063 2548 1164 2611 Cerere
1184 2562 1211 2611 et

132 2632 703 2712 5155155555555551555155.151111.
726 2632 749 2707 1,
772 2634 863 2696 3951
851 2593 959 2712 ifictid
979 2636 1027 2696 dat
1048 2633 1163 2697 55115555
1184 2645 1211 2695 ct

127 2719 259 2797 pondera
281 2718 369 2778 dictis.
401 2719 442 2781 84
463 2737 606 2797 35555-
622 2723 654 2779 in
661 2734 788 2797 compos
809 2718 995 2781 ettotatuli.
1026 2718 1211 2814 teupernus

130 2804 205 2882 fatre
227 2801 388 2881 Pdoedoque
410 2807 501 2882 quieto
525 2803 619 2880 (hunc
642 2792 739 2864 locum
763 2810 837 2863 etv.
863 2804 905 2866 39
925 2803 1054 2882 pessime
1076 2802 1212 2881 corrupit

132 2888 185 2967 qui
207 2905 305 2966 nuper
315 2885 422 2947 Valerii
445 2905 563 2949 carmen
581 2887 646 2949 data
662 2904 751 2967 opera
766 2887 975 2967 interpolavit).
1005 2889 1067 2951 473
1083 2888 1170 2950 515551
1183 2899 1211 2950 et

130 2971 238 3053 lplrielo
257 2971 411 3052 palaque
397 2991 587 3053 eremumque
609 2971 728 3035 1555555.
758 2972 809 3046 111,
826 2974 887 3036 593
906 2972 1092 3054 patellamque
1113 2991 1210 3034 moras

131 3068 158 3118 et
185 3058 304 3136 [aedua
330 3066 407 3118 necte
436 3061 484 3135 (ex
512 3058 682 3120 coniectura
704 3056 889 3133 Burmanni).
933 3059 995 3122 688
1017 3070 1061 3119 551
1084 3057 1211 3120 lacrimis

132 3147 282 3222 comitique
303 3143 412 3204 5151555.

218 3226 291 3288 haec
312 3226 405 3307 figura
427 3235 490 3287 arte
512 3226 670 3288 coniuncta
692 3237 736 3290 est
752 3245 818 3288 cum
834 3226 934 3303 altera,
957 3244 1014 3307 qua
1030 3229 1150 3291 nomina
1166 3227 1210 3287 di-

131 3312 209 3373 versi
225 3311 352 3390 generis,
376 3311 553 3390 plerumque
567 3310 746 3374 abstractum
763 3319 796 3372 ut
811 3311 914 3374 dicunt
928 3312 1062 3388 alterurn,
1085 3313 1210 3374 alterum

133 3404 324 3470 concretum,
354 3397 391 3456 ad
417 3414 511 3457 unum
533 3395 654 3458 verbum
676 3398 715 3457 ita
737 3397 882 3458 accedunt
903 3406 935 3459 ut
957 3408 1065 3494 sponte
1085 3398 1208 3459 alterum

133 3481 271 3561 propria,
293 3443 418 3542 alterum
439 3482 579 3542 translata
603 3484 725 3543 notione
747 3480 894 3545 efferatur
939 3483 1024 3543 cuins
1045 3482 1089 3542 551
1111 3500 1209 3543 exem-

131 3566 230 3651 plum
238 3565 314 3627 dabo
337 3566 418 3645 quod
439 3567 517 3647 apud
539 3558 693 3631 Senecam
702 3566 927 3629 audacissimum
944 3575 988 3628 est
1002 3565 1108 3628 Phaed.
1127 3569 1206 3630 1161

336 3649 450 3713 15555555
471 3651 578 3731 driuqea
599 3651 717 3713 5515555
738 3661 765 3712 et
782 3657 896 3732 pariter
916 3670 1029 3714 5555555

338 3737 539 3816 manumque
559 3750 707 3817 rumpunt
762 3785 766 3793 .

131 3820 190 3882 hoc
219 3830 365 3900 quatenus
394 3821 430 3883 ab
457 3840 492 3883 eo
520 3839 607 3882 versu
636 3840 652 3882 a
680 3840 741 3902 quo
768 3822 885 3884 initium
906 3823 1040 3902 cepimus
1063 3820 1209 3882 diversum

131 3905 171 3967 sit
193 3906 348 3967 commode
370 3904 551 3986 intellegitur
573 3925 608 3968 eo
625 3907 704 3987 quod
720 3906 769 3968 hic
780 3911 903 3988 pariter,
925 3907 994 3968 11551
1008 3906 1210 3985 temporaliter

132 3990 243 4052 dictum
259 3989 306 4069 sit,
321 4010 383 4052 non
399 3992 433 4053 ad
448 3991 572 4057 verbum
586 3992 689 4061 attinet
704 3991 754 4053 sed
771 3990 891 4054 nomina
907 3992 1078 4070 coniungit:
1097 4010 1209 4053 moram
