2776 4476
142 166 207 233 Vlll
616 186 775 237 reuersum

142 340 320 421 positionem
358 338 528 402 adsimilatis
561 340 720 403 Etruscum
753 341 918 422 exprimere
945 340 1093 403 malebam
1125 358 1214 422 quam

142 443 229 487 usum
258 425 329 488 satis
361 425 507 487 incertum
539 426 666 506 ipsoque
694 427 825 489 Senecae
857 435 992 507 tempore
1021 427 1214 489 fluctuantem

141 510 292 572 arbitraria
314 511 428 572 ratiorm
455 510 643 572 incertiorem
669 511 775 574 faeere.
823 511 961 592 quidquid
981 509 1093 590 ubique
1114 513 1213 593 posui,

141 613 203 657 uon
232 598 365 679 quicquid
392 602 576 658 constantem
605 596 723 658 Etrusci
751 596 928 677 scripturam
951 597 1002 670 (cf.
1025 596 1097 658 Oed.
1120 597 1212 675 263);

140 691 227 743 nutus
241 680 361 761 ubique,
376 698 438 742 nou
452 691 557 760 gnotus
572 682 651 761 quod
666 681 804 743 librarius
819 699 962 763 persaepe
977 681 1103 757 admisit,
1125 699 1213 762 saepe

141 783 202 826 non
225 766 351 827 admittit
371 765 492 828 metrica
514 766 597 828 ratio.
636 767 737 829 eadem
759 765 900 829 suadebat
920 774 955 828 ut
977 766 1114 839 Coactus,
1137 766 1213 830 Cuc-

140 854 249 923 ea'octts,
278 869 340 912 uon
368 869 437 914 oum
465 850 568 914 codice
597 849 734 924 decom,
770 851 925 915 &murcos
952 853 1137 933 reciperetur
1162 852 1212 928 (cf.

141 934 191 996 llf.
222 937 283 1012 18).
334 935 371 997 de
399 935 513 1015 reliqua
540 936 659 999 Etrusci
696 936 906 1017 orthographia
937 936 1028 998 multa
1058 936 1214 1016 diligenter

140 1028 375 1101 composuerunt
395 1020 538 1100 Peiperus
567 1029 596 1082 et
616 1021 774 1084 Richterus
803 1021 834 1083 in
863 1022 1001 1084 editionis
1023 1040 1093 1085 suae
1115 1022 1213 1083 indice
1374 1064 1375 1097 ξ

140 1106 379 1186 orthographico.
417 1105 548 1167 codicem
570 1105 596 1167 R
620 1106 780 1186 quominus
801 1107 848 1168 his
869 1107 901 1168 in
922 1106 1013 1169 rebus
1035 1108 1140 1169 ducem
1162 1126 1213 1169 su·
1250 1174 1254 1179 ,
1374 1106 1375 1157 l

140 1208 323 1252 mereremus
345 1189 498 1272 prohibuit
518 1193 752 1271 fragmentorum
775 1191 897 1254 exilitas.
1007 1186 1017 1195 ”
1374 1222 1375 1231 ¹

226 1274 375 1337 octauam
398 1275 484 1338 etiam
512 1276 694 1356 praelatione
721 1278 843 1359 propria
864 1294 880 1338 a
903 1277 1034 1339 Senecae
1055 1277 1213 1357 tragoediis

142 1360 283 1440 separavi.
328 1380 390 1423 non
413 1362 543 1441 separavi
566 1360 724 1424 Herculem
748 1363 908 1438 Oetaeum,
934 1361 970 1423 de
993 1359 1078 1425 or'rius
1099 1362 1213 1425 fabulae

141 1451 246 1507 natura
268 1453 297 1508 et
318 1446 434 1525 origine
457 1464 518 1509 non
540 1442 678 1510 fefellisse
699 1466 748 1510 me
769 1447 911 1509 iudicium
940 1446 1029 1526 plane
1050 1447 1123 1509 mihi
1144 1466 1213 1529 per«

129 1547 260 1592 suasum
284 1541 329 1594 est
350 1531 421 1593 dum
444 1531 602 1594 novissime
624 1532 751 1594 fabulam
773 1540 930 1613 pertracto.
968 1539 1070 1595 contra
1093 1533 1129 1594 de
1150 1534 1213 1594 sin·

141 1615 218 1694 gulis
241 1615 417 1696 quibusdam
439 1616 513 1678 locis
535 1617 645 1680 rectius
668 1637 755 1698 quam
778 1619 809 1679 in
825 1617 925 1699 priore
939 1617 1089 1679 volumine
1103 1618 1213 1681 factum

141 1708 184 1762 est
206 1720 307 1763 annuo
330 1703 425 1782 spatio
448 1702 603 1764 interiecto
625 1721 672 1775 me
694 1703 825 1764 iudicare
847 1710 1080 1764 consentaneum
1103 1712 1156 1765 est.

225 1785 305 1866 Ergo
329 1786 502 1850 dimittimus
524 1795 563 1863 te,
586 1787 694 1864 libelle,
717 1806 813 1868 eoque
833 1797 863 1849 te
885 1786 1038 1850 meliorem
1053 1807 1118 1850 esse
1140 1806 1213 1850 cou-

141 1870 260 1932 fidimus
282 1890 341 1951 quo
363 1872 457 1951 magis
479 1872 645 1936 dissimulas
667 1873 864 1952 quantumin
886 1882 916 1935 te
937 1873 1108 1935 adornando
1123 1874 1213 1936 studii

140 1963 170 2017 et
190 1955 300 2018 laboris
322 1965 532 2038 consumptum
554 1957 602 2020 sit.

223 2092 346 2156 Bonnae
367 2093 460 2155 Nonis
481 2093 555 2155 lllais

846 2238 1057 2310 Frfderious
1079 2240 1168 2310 Leo.
1253 2302 1256 2313 .
