2790 4494
643 255 773 300 rhetores

166 396 240 458 haec
262 399 340 460 latus
361 399 419 461 alta
441 410 529 463 nocte
554 403 571 465 i
593 403 690 467 divisit
714 406 790 468 diem

166 490 367 563 repetensque
388 484 486 548 Ditem
507 505 623 551 mersus
645 490 797 570 ingentem
820 512 942 573 specum

166 577 294 630 coeunte
316 578 395 632 terra
417 570 521 634 iunxit
567 572 681 636 immoti
703 575 800 638 iacent

165 653 324 733 tranquilla
346 655 453 736 pelagi,
476 665 580 721 ventus
602 658 709 722 abiecit
730 661 825 724 minas

166 737 375 818 placidumque
397 742 490 803 lluctu
513 752 677 805 murmurat
699 746 758 807 leni
780 765 870 823 mare,

165 820 322 885 Tritonum
343 825 380 888 ab
402 826 460 888 alto
484 828 592 888 cecinit
612 829 807 911 hymenaeum
830 794 951 898 eliorus.

470 961 646 1025 Pruuuvs

250 1060 324 1123 Cum
346 1062 419 1124 laeta
442 1064 546 1144 pelago
568 1064 630 1126 vela
652 1065 803 1129 rediturus
825 1068 922 1147 dares,

163 1143 271 1206 excidit
291 1146 420 1209 Achilles
443 1149 528 1210 cuius
550 1150 641 1212 unius
662 1169 753 1213 manu

161 1227 288 1309 impulsa
310 1231 408 1309 Troia,
432 1234 575 1313 quidquid
597 1236 705 1297 adiecit
725 1254 825 1299 morae

161 1312 213 1375 illo
236 1327 360 1393 remoto,
383 1318 471 1380 dubia
493 1337 554 1417 qno
577 1321 694 1382 caderet
715 1322 805 1383 stetit.

160 1399 234 1461 velis
255 1400 325 1463 licet
347 1404 427 1483 quod
448 1405 561 1484 petitur
582 1423 617 1466 ac
638 1424 781 1485 properes
804 1408 882 1483 dare,

160 1502 228 1546 sero
251 1505 282 1547 es
305 1488 475 1550 daturus:
467 1508 523 1551 ram
547 1508 634 1553 suum
658 1490 757 1551 cuncti
780 1491 872 1554 duces

160 1571 256 1632 tulere
276 1574 415 1652 pretium.
460 1593 535 1654 quae
557 1575 655 1637 minor
677 1594 791 1637 merces
812 1585 914 1657 potest

158 1662 256 1718 unae
279 1657 341 1719 dari
362 1657 502 1721 virtutis?
545 1679 582 1723 an
605 1662 714 1723 meruit
735 1679 840 1741 parum

159 1740 221 1818 qui,
243 1741 348 1821 lugere
369 1743 481 1806 bellum
503 1746 602 1808 iussus
625 1755 653 1808 et
674 1745 763 1826 longa
785 1747 891 1809 sedens

157 1844 260 1888 aevum
283 1836 400 1890 senecta
426 1829 535 1891 ducere
557 1849 591 1892 ac
613 1830 687 1911 Pylii
709 1832 790 1893 senis

157 1914 369 1975 transcendere
391 1933 496 1990 annos,
516 1916 602 1983 exuit
623 1915 725 1977 matris
748 1916 831 1977 dolos

156 1994 303 2077 falsasque
324 2006 429 2072 vestes,
451 2001 548 2062 lassus
570 2011 616 2063 est
638 2002 727 2062 armis
749 1998 866 2062 uirum?

157 2080 330 2162 inhospitali
353 2084 503 2165 Telephus
526 2103 620 2164 regno
642 2087 801 2166 impotens,

157 2165 226 2228 dum
249 2167 359 2247 Mysiae
381 2169 489 2231 ferocis
511 2170 651 2232 introitus
674 2179 772 2250 negat,

155 2250 259 2313 rudem
283 2271 389 2315 cruore
412 2256 495 2335 regio
517 2255 647 2317 dextram
674 2256 780 2318 imbuit

153 2335 322 2417 fortemque
346 2340 469 2402 eandem
490 2342 584 2403 sensit
606 2349 635 2402 et
656 2341 757 2402 mitem
780 2360 912 2404 manum.

154 2422 288 2485 cecidere
310 2424 439 2502 Thebae,
463 2426 532 2487 vidit
553 2426 659 2487 Eetion
684 2426 748 2507 capi

153 2525 208 2569 sua
228 2526 319 2589 regna
343 2510 453 2586 victus;
476 2510 557 2573 clade
579 2511 720 2573 subversa
742 2520 786 2573 est
808 2512 872 2592 pari

153 2593 288 2672 apposita
310 2594 389 2656 celso
413 2614 501 2675 parva
523 2596 671 2676 Lyrnesos
695 2597 776 2676 iugo,

153 2685 298 2758 captaque
319 2678 409 2742 tellus
431 2680 539 2743 nobilis
560 2681 694 2743 Briseide

152 2771 182 2824 et
204 2781 291 2825 eausa
312 2763 372 2826 litis
394 2765 515 2843 regibus
538 2764 648 2847 Chryse
670 2765 745 2827 iacet

151 2853 182 2908 et
203 2856 272 2910 nota
293 2851 369 2910 lama
392 2850 528 2913 Tenedos
551 2859 579 2913 et
602 2869 677 2932 quae
698 2868 810 2930 pascuo

149 2933 278 2994 fecunda
300 2935 406 3014 pingui
428 2935 571 2998 Thracios
594 2935 689 2999 nubit
711 2953 815 3014 greges

150 3017 260 3097 Scyros
281 3020 450 3100 fretumque
472 3021 584 3108 Lesbos
606 3023 755 3100 Aegaeum
777 3037 880 3081 secans

149 3170 355 3182 *—

238 3273 283 3323 197
297 3271 350 3323 alta
362 3287 427 3324 voce
436 3271 533 3325 drmrsrt
542 3272 638 3337 dremg
655 3276 772 3325 cotonei.-
784 3270 893 3324 mutavit
904 3269 971 3323 diem
992 3274 1061 3327 eice:
1075 3273 1225 3341 altauocte,

146 3338 199 3389 iam
216 3338 301 3391 vitans
313 3339 460 3406 diemrml),
474 3356 571 3394 mersus
618 3343 666 3393 199
680 3340 820 3392 immutab*
863 3341 912 3392 202
929 3337 1059 3393 'l'ritonA
1068 3342 1223 3395 -choroA

148 3409 198 3459 203
221 3423 333 3459 scaenae
301 3412 526 3527 :inscriptum
549 3408 663 3477 Pyrrhus
686 3409 861 3476 Agamemnon
883 3407 1043 3475 (Agamenou
1060 3410 1094 3475 Ε)
1115 3410 1224 3465 Calchas

148 3476 197 3527 205
215 3478 297 3527 eicA

386 3542 495 3623 impulsa
514 3542 588 3595 Troia
607 3545 701 3596 corruit
718 3543 820 3595 tandem
838 3541 903 3608 solo,

386 3612 458 3665 brevi
475 3626 502 3663 re
522 3626 614 3664 ensans
633 3611 756 3679 quidquid
773 3609 865 3663 adiecit
882 3624 967 3662 morae

386 3679 481 3748 Scyros
497 3627 641 3747 tieturnque
657 3679 754 3732 Lesbos
772 3679 885 3746 Aegeum
903 3692 1004 3741 secans3

385 3749 429 3800 illo
447 3751 545 3800 remoto
563 3746 639 3801 dubia
658 3763 708 3815 quo
728 3746 829 3800 caderet
847 3747 927 3801 stetit

144 3851 195 3902 219
213 3851 302 3902 virtuti
320 3850 398 3914 codd.
433 3865 465 3902 an
483 3850 505 3903 is
523 3851 615 3903 meruit
632 3851 760 3902 editiones
775 3855 837 3915 post
854 3849 992 3900 Aldinam.
1022 3852 1143 3901 corrasit
1160 3850 1218 3902 Pei·

142 3933 225 3983 perne
278 3921 328 3972 212
350 3923 453 3971 senecta
472 3916 565 3985 degere
583 3920 668 3973 A.
634 3918 749 3987 -pylli
766 3916 876 3970 senisu
928 3918 978 3969 219
1003 3915 1068 3968 vidit
1085 3920 1112 3969 et
1127 3917 1220 3986 longa-

142 3985 172 4053 pi
187 3985 214 4037 Ε
283 3989 334 4040 226
350 3994 453 4055 poeto
470 3987 521 4039 205
536 3991 651 4054 ponitur
667 3990 692 4037 A

979 4086 1013 4137 4*
