2686 4482
171 239 231 300 118
507 253 545 294 nn
567 252 693 295 oaurrors
714 251 902 294 nonmerms.

173 406 237 467 eius
258 411 355 467 autem
378 403 432 464 viri
456 403 614 482 descriptio
636 403 772 482 sequitur
790 403 909 464 demum
923 403 1015 466 finitis
1030 403 1163 466 eiusdem
1179 400 1258 465 lauss

169 490 267 566 dibus,
289 508 362 569 quas
384 490 424 551 ita
447 506 502 550 neo
524 487 697 566 intellegere
719 507 775 549 neo
790 488 901 551 referre
917 508 977 568 quo
994 489 1146 570 pertinent
1160 489 1257 568 quis-

168 594 258 655 quam
279 582 387 655 potest.
418 582 447 634 et
469 572 608 652 languide
630 572 738 634 dieitur
759 592 785 633 v.
802 575 864 636 604
886 592 974 635 omne
995 574 1149 637 servitium
1172 593 1256 654 per-

167 678 308 740 rumpere
336 660 385 722 oui
413 658 490 719 mori
519 657 602 719 taoile
631 657 684 734 sit,
713 676 781 720 oum
803 658 965 722 desudem
986 659 1080 721 multo
1103 660 1192 740 plura
1220 668 1257 720 et

167 746 278 807 maiora
300 745 358 805 iam
380 744 456 805 diota
471 742 540 805 sint
571 750 673 804 contra
688 743 718 804 id
733 743 833 823 ipsum
847 744 998 824 aptissime
1014 745 1128 807 dicetur
1143 745 1256 807 statim

167 839 237 911 post
263 848 289 890 v.
314 831 372 893 591
405 849 469 891 oum
497 833 614 890 miseros
643 828 733 890 libero
753 848 831 892 mors
857 842 943 891 oooet.
989 838 1022 890 ut
1049 830 1146 893 brevis
1176 832 1254 904 sim,

167 933 211 975 vv.
235 916 403 980 604-608
427 932 481 976 suo
503 914 570 975 looo
592 920 660 994 post
683 915 746 977 592
769 913 911 977 reddendi
933 921 1020 976 eunt:

679 1018 743 1061 oum
761 1009 859 1079 puteat
880 999 965 1061 molis

372 1084 512 1165 effugium
534 1094 561 1145 et
581 1086 701 1145 miseros
721 1084 812 1146 libero
832 1103 910 1146 mors
931 1095 1016 1156 oooet,

291 1170 353 1232 592
372 1180 475 1249 portus
496 1179 613 1230 aeterno
630 1168 762 1248 phasidos
783 1173 883 1249 ponte.

288 1255 351 1316 604
369 1265 537 1333 perrumpet
557 1271 639 1314 omne
659 1258 809 1316 servitiam
822 1256 859 1329 ¹⁹)
883 1265 1056 1334 contemptor

372 1337 478 1398 hoium
501 1339 628 1410 deornm,

371 1426 421 1505 qui
441 1422 538 1484 volus
559 1422 723 1484 iconentis
744 1427 811 1499 otri,
835 1429 886 1504 pti
906 1422 995 1503 Stypo
1018 1427 1128 1486 tristem

370 1526 430 1568 ποπ
451 1511 540 1568 tristis
562 1508 638 1570 videt
659 1509 797 1588 ortdetpue
817 1513 894 1571 vitoe

288 1595 350 1657 608
369 1609 477 1673 ponere
497 1592 594 1671 finem.

288 1680 348 1742 593
371 1677 470 1739 torellus
490 1677 585 1738 luae
606 1689 701 1739 terror
721 1695 772 1738 aee
793 1681 955 1758 impotentis

367 1762 496 1842 procella
518 1764 656 1840 fortunae
678 1773 770 1824 movet
791 1774 843 1825 out
864 1765 958 1843 totque·

368 1848 491 1924 flammo
512 1851 638 1908 tonantis
661 1866 685 1907 e.
703 1865 732 1925 q.
748 1866 772 1906 s.

194 1928 263 1995 dein
287 1933 349 1996 602
370 1950 430 1993 oon
453 1932 558 2007 (timet)
577 1933 649 1992 serbe
670 1950 735 1992 eum
757 1942 816 1994 toto
835 1933 957 2013 populos
979 1934 1106 1995 oodmtes

370 2014 476 2078 hostien
497 2034 597 2078 moros
615 2015 772 2096 populante
793 2018 914 2096 flammo
984 2040 987 2044 ’

370 2102 576 2163 a'mlomt‘tumoe
598 2101 719 2163 bellum:

284 2186 346 2249 609
365 2197 424 2266 por
445 2185 493 2247 ille
514 2190 577 2265 repe·
593 2190 784 2266 proruperis
806 2191 870 2249 erit.

141 2346 143 2350 μ
371 2290 386 2332 o
410 2290 496 2351 quom
517 2275 653 2333 meterem
676 2283 717 2333 est
737 2275 845 2333 aurire
866 2275 943 2334 mori
964 2290 990 2334 a.
1006 2289 1035 2350 q.
1052 2289 1076 2330 ε.

153 2373 242 2434 ·quae
264 2364 406 2416 secuntur
428 2355 603 2435 incorrupta
625 2365 697 2416 sunt
719 2357 850 2435 quamvis
876 2355 1034 2418 artificiose
1060 2363 1251 2417 constructa.
1332 2374 1333 2427 ξ

168 2440 330 2502 narrandae
353 2441 532 2502 Graecorum
555 2440 650 2501 fraudi
673 2441 783 2502 ohorus
805 2443 955 2521 praefatur
975 2440 1171 2521 praedicanda
1192 2459 1252 2520 pa·
1332 2500 1333 2519 ἶ

166 2526 239 2586 triae
261 2544 316 2604 per
338 2526 439 2586 decem
460 2543 555 2586 annos
570 2525 748 2587 constantia:
773 2544 860 2605 quam
875 2526 953 2588 bello
969 2545 1030 2586 non
1044 2525 1150 2586 vietam
1166 2524 1253 2586 Har·
1332 2558 1333 2597 π

169 2611 243 2672 oulis
266 2611 377 2689 sagittis
399 2611 507 2671 iterum
529 2610 771 2686 succubuissem)
795 2621 834 2686 et,
857 2630 925 2673 oum
941 2611 1047 2673 Achilli
1063 2619 1092 2671 et
1106 2609 1251 2671 Patroclo
1332 2638 1333 2693 p

167 2695 432 2758 restiterit—huis
443 2694 548 2756 alienis
558 2695 648 2762 armis
659 2695 775 2757 hostem
786 2695 943 2772 territano,
958 2696 999 2757 illi
1012 2695 1139 2757 amioum
1150 2694 1252 2756 ulcis·
1332 2746 1333 2751 ,

168 2781 245 2842 oenti
262 2816 303 2825 —
319 2789 450 2843 extremo
469 2780 593 2842 honeste
614 2779 760 2860 pereundi
776 2780 861 2842 titulo
877 2781 1077 2862 semetipsam
1093 2781 1249 2860 privasse:
1332 2770 1333 2813 t

370 2870 475 2928 restitit
497 2869 591 2945 pnires's
613 2866 655 2927 bis
677 2869 762 2927 onais

370 2956 460 3012 unios
481 2955 570 3012 noetis
588 2955 721 3030 perituro
742 2951 835 3028 forto.

167 3034 230 3114 ipsa
257 3033 363 3096 deinde
384 3035 496 3096 fraudis
519 3035 648 3096 narratio
671 3035 745 3096 nihil
767 3036 854 3097 habet
876 3036 907 3097 in
931 3053 990 3114 quo
1012 3034 1153 3095 offendas

165 3168 244 3232 prior·
253 3165 413 3231 illesopieas
422 3171 461 3215 eet
470 3178 546 3231 parem
556 3183 611 3217 ποπ
623 3168 675 3218 teta
687 3170 833 3235 vibrantia,
846 3184 900 3219 ποπ
913 3171 1031 3223 arietata
1043 3172 1115 3217 inter
1123 3182 1151 3216 re
1163 3182 1248 3218 arma

168 3236 284 3299 agminis
302 3233 392 3299 densi,
409 3248 463 3284 ποπ
481 3237 555 3285 ortis
573 3236 704 3300 impulsae
721 3235 820 3301 fragor
838 3241 946 3287 terottat
963 3251 986 3288 e.
995 3252 1022 3302 q.
1030 3251 1051 3288 s.
1070 3237 1105 3300 (v.
1116 3234 1249 3301 699860.
1332 3232 1333 3303 l

167 3303 209 3365 09,
221 3305 253 3354 ll
270 3304 376 3367 sopiens
393 3301 440 3352 tlte
455 3303 552 3369 plenos
569 3308 609 3353 est
623 3304 735 3367 gaudio,
755 3305 852 3355 hilaria
863 3311 889 3355 et
898 3305 1033 3370 plaoidres,
1051 3307 1248 3354 inconcussus.-
1332 3312 1333 3363 t

167 3376 233 3423 otton¹
246 3368 287 3420 de'r
304 3385 339 3421 aa
355 3373 421 3436 pori
437 3373 505 3423 vivit
520 3372 556 3435 (v.
566 3372 638 3434 609);
660 3374 716 3432 102,
727 3375 759 3426 29
779 3388 859 3438 quum
876 3373 1082 3437 (aeternitatem)
1097 3374 1249 3437 parimente
1332 3410 1333 3441 3

168 3441 297 3503 eonaopit,
316 3437 405 3488 nullos
423 3440 516 3489 torret
534 3443 677 3505 samnitas,
694 3456 749 3491 non
768 3447 885 3491 terretur
903 3442 983 3504 toto,
1000 3439 1084 3490 natta
1102 3439 1139 3490 od
1157 3444 1248 3490 tmo-

167 3521 223 3557 rem
246 3509 326 3557 minio
350 3510 444 3571 agitur
461 3510 496 3572 (v.
515 3509 565 3560 596
583 3509 642 3574 sep).
678 3507 750 3561 vides
774 3523 826 3560 rem
851 3524 902 3561 non
924 3509 1039 3574 potuisse
1056 3507 1142 3560 verbis
1159 3509 1247 3575 magis
1332 3514 1333 3535 i

168 3574 305 3626 stoicorum
329 3578 356 3626 et
379 3574 462 3643 ipsios
487 3574 600 3628 Senecae
627 3576 736 3642 propriis
762 3576 865 3629 tractari
893 3591 970 3643 quam
997 3576 1023 3626 in
1051 3576 1248 3642 Agamemnone
1332 3586 1333 3655 p

167 3642 263 3694 saetam
281 3647 330 3695 est.

257 3708 290 3776 ¹⁹)
308 3710 339 3763 ef.
358 3709 451 3762 Luoan.
468 3709 511 3775 tv,
535 3713 585 3763 sta
610 3725 690 3777 quom
707 3714 743 3762 eit
760 3728 814 3763 ποπ
833 3712 921 3762 arduo
940 3714 1026 3762 virtus
1043 3710 1182 3763 servitium
1202 3712 1248 3774 su·
1332 3710 1333 3747 t

164 3780 349 3842 gissemarus,
366 3777 423 3829 alia.
770 3787 772 3792 ’

254 3845 288 3910 ²⁰9
305 3860 365 3897 nam
382 3861 408 3897 v.
418 3849 468 3899 613
485 3847 521 3897 ita
538 3846 719 3914 distinguenda
738 3851 778 3898 est
795 3847 933 3899 sententia:

371 3928 426 3963 ποπ
445 3914 495 3963 itta
513 3915 580 3965 bello
598 3919 669 3966 oiota
688 3931 742 3965 ποπ
761 3919 852 3978 armis,

371 3985 403 4029 ut
419 3981 563 4044 quondam,
582 3983 713 4034 Eurotae
732 3983 829 4034 residit
843 3985 983 4050 plantas.
