2648 4478
425 217 614 261 3331133133
637 217 759 260 3333113.
1088 201 1125 265 71

58 369 127 432 lidae
154 369 330 431 imitationis
359 366 476 441 nullum
505 368 537 430 in
565 368 620 431 bac
642 385 748 435 scaena
768 367 924 444 vestigium
946 366 1128 448 deprehendi

59 473 150 532 neque
180 456 267 516 istam
296 455 327 514 in
358 452 516 514 sententiis
543 452 729 515 inveniendis
750 460 779 513 et
801 452 975 532 eloquendis
996 451 1128 514 verbisne

60 538 216 618 deligendis
239 537 480 600 imbecillitatem.
512 556 583 616 ergo
600 538 682 617 qnod
695 535 845 615 singulare
859 555 953 598 unum
969 537 1128 611 alterumve

60 623 195 704 loquendi
217 641 314 703 genus
337 622 471 698 offendit,
491 622 523 684 id
545 622 744 685 eo-libeutius
765 621 912 701 patiemur
935 641 994 702 quo
1017 621 1127 684 certius

60 707 87 770 in
113 710 216 788 quavis
246 707 395 785 tragoedia
420 708 483 768 eius
505 705 585 769 modi
608 707 750 787 quaedam
772 705 910 784 indagaro
933 707 1039 786 possis.
1084 708 1128 767 sic

9 812 11 823 ’
60 794 87 855 13
107 792 240 855 Pbaedra
262 792 371 871 legitur
393 792 491 855 nullus
512 793 555 854 lu's
576 797 646 855 33111·
665 793 725 871 suit
740 810 835 855 1331113
849 793 950 871 cupido
968 810 1051 854 more
1065 791 1127 852 llo·

9 928 10 931 1
59 879 166 940 1311333
189 878 288 957 (528),
311 877 419 939 ibidem
437 879 499 942 862
510 888 666 958 properato
682 888 722 939 est
736 895 823 957 opum
846 877 878 937 13
894 875 995 939 Medea
1009 881 1127 957 sanguis

9 986 10 991 ¹
59 963 196 1043 producta
225 961 329 1023 ultima
355 964 458 1038 (775);
488 963 519 1023 in
541 961 669 1024 Hercule
691 962 792 1043 priore
813 962 945 1022 trimeter
966 981 1034 1023 cum
1055 980 1126 1022 333-

9 1102 10 1105 ,
60 1048 190 1126 paesticis
218 1047 253 1108 in
282 1048 341 1109 tine
369 1048 475 1109 cantici
503 1047 682 1110 coniunctus
708 1049 795 1124 (204)
825 1056 854 1108 et
875 1065 951 1126 quae
981 1046 1044 1107 eius
1074 1064 1125 1125 ge-

9 1154 11 1157 *
61 1132 134 1193 neris
154 1141 237 1193 sunt.

9 1216 10 1271 5
138 1236 200 1277 non
222 1217 339 1296 primus
362 1234 427 1278 sum
449 1216 500 1296 qui
524 1216 659 1296 suspicer
681 1217 748 1295 plus
764 1234 853 1276 uuam
868 1233 989 1279 manum
1004 1216 1034 1276 iu
1051 1215 1126 1277 ller-

9 1338 10 1377 3
62 1301 121 1362 cule
135 1302 247 1363 Oetaeo
261 1301 466 1381 componenda
481 1309 655 1381 occupatam
668 1302 769 1366 fuisse.
793 1300 905 1380 quippe
917 1301 1127 1365 Habruclrerus

9 1386 11 1453 l
62 1395 165 1464 quaest.
186 1387 343 1448 Annaean.
366 1405 396 1465 p.
419 1387 456 1448 47
481 1405 527 1465 sq.
550 1385 678 1449 coniecit
699 1385 814 1447 fabulae
835 1386 953 1447 initium
975 1387 1126 1461 (1—232)

9 1504 10 1513 1
63 1480 89 1531 31
105 1473 192 1533 duem
214 1472 311 1544 (1691
332 1473 389 1550 sq.)
412 1470 447 1531 ab
469 1470 526 1533 alio
549 1471 677 1550 quodam
699 1470 793 1532 solido
815 1471 946 1532 Senecae
968 1471 1053 1551 operi
1074 1470 1126 1532 ad-

63 1566 120 1617 suta
145 1574 221 1617 esse.
265 1555 391 1617 honoris
419 1573 507 1617 causa
534 1555 619 1619 illum
648 1555 770 1617 nomino
801 1565 830 1616 et
857 1564 891 1616 ut
911 1555 989 1617 banc
1010 1554 1127 1616 laudem

9 1716 10 1719 Ἴ
63 1640 223 1702 incolumen
246 1639 363 1701 babeat.
393 1658 520 1719 namque
543 1649 715 1719 argumenta
738 1657 813 1719 quae
833 1639 958 1719 protulit
972 1659 1033 1700 non
1048 1638 1127 1700 mul-

9 1762 10 1797 1
63 1733 118 1786 tum
137 1725 236 1786 131331
257 1743 314 1786 333
328 1725 534 1786 difficultatum
549 1743 623 1804 quas
638 1732 668 1786 et
681 1724 731 1786 alii
746 1732 775 1785 et
790 1742 846 1786 nos
860 1724 1052 1803 cognovimus
1067 1723 1127 1786 ulla

9 1800 11 1889 ξ
65 1810 223 1897 coniectura
244 1809 301 1871 ista
316 1810 500 1884 eliminatum
522 1811 612 1872 finem
626 1828 696 1871 vero
710 1809 877 1888 tragoediae
891 1809 977 1889 ponit
991 1827 1051 1888 quo
1066 1816 1127 1869 ter·

9 1926 10 1979 4
64 1894 157 1956 minari
172 1894 298 1957 omniuo
313 1895 428 1974 nequit,
439 1894 467 1955 id
484 1895 564 1974 quod
579 1903 609 1956 et
621 1896 720 1975 ipsum
735 1895 792 1956 1331
808 1912 1020 1956 concessurum
1035 1902 1126 1975 puto;

9 1982 10 2013 r
67 1979 190 2059 denique,
214 1980 295 2059 quod
318 1998 466 2043 summum
489 1989 543 2056 est,
566 1980 725 2058 pessimam
746 1990 859 2058 partem
880 1979 1017 2059 vitiisque
1031 1981 1137 2041 refer-1

65 2072 117 2125 1331
130 2065 259 2129 Senecae
282 2065 433 2143 relinquit,
460 2083 520 2145 quo
543 2065 632 2143 digna
653 2065 741 2127 babet
762 2064 898 2126 Herculis
919 2064 1055 2141 lamenta,
1078 2065 1125 2125 iu·

9 2172 10 2239 3
67 2148 171 2227 dignam
185 2149 346 2211 Alcmenae
364 2149 399 2211 de
415 2149 476 2211 nati
491 2149 625 2229 reliquiis
639 2149 895 2212 declamationem:
920 2168 995 2228 quae
1012 2148 1048 2211 ab
1064 2167 1125 2210 uno

9 2242 10 2313 ἶ
68 2233 216 2314 eodemque
239 2235 372 2314 profecta
394 2252 459 2296 esse
481 2235 585 2313 quovis
607 2235 733 2314 pignore
754 2234 942 2295 adfirmarim.

9 2358 10 2363 κ
140 2319 227 2382 nobis
255 2320 282 2380 si
304 2319 414 2381 certios
435 2318 545 2397 aliquid
568 2320 750 2381 constituere
773 2319 907 2381 volumus
932 2327 1001 2381 ante
1027 2319 1126 2381 omnia

9 2396 11 2465 ἱ
68 2403 211 2467 ridendum
233 2405 291 2466 erit
312 2403 390 2466 sitne
403 2405 552 2484 tragoedia
569 2405 690 2484 quaein
705 2404 856 2466 codicibus
870 2406 966 2466 lertur
980 2405 1019 2465 ita
1034 2403 1126 2483 parti·

67 2485 117 2548 bus
136 2489 194 2551 suis
216 2489 296 2550 inter
317 2508 349 2550 se
371 2490 533 2555 cohaerens
554 2499 663 2552 actam
678 2489 825 2551 constanti
840 2489 964 2551 consilio
980 2488 1126 2551 elaborata

69 2579 97 2631 ut
120 2573 153 2634 ab
180 2593 241 2637 uuo
263 2581 350 2653 poeta
371 2592 433 2635 uno
455 2582 559 2636 tancre
580 2574 743 2654 composita
765 2593 830 2636 esse
852 2574 956 2636 merito
979 2573 1124 2634 credatur.

141 2665 227 2738 atque
241 2660 278 2720 de
293 2659 466 2721 oeconomia
480 2659 599 2738 quidem
613 2659 779 2738 tragoediae
795 2678 899 2722 omues
917 2657 1124 2732 conscotinum

9 2748 10 2829 p
72 2739 103 2801 do
124 2743 252 2806 moribus
282 2761 370 2804 nemo
400 2743 565 2823 disputavit.
595 2762 672 2805 nec
699 2744 807 2806 mirum
836 2753 890 2820 est,
919 2743 999 2822 quod
1031 2761 1070 2803 ue
1092 2742 1124 2802 iu

9 2844 11 2865 ³
72 2827 174 2905 optimis
196 2828 315 2908 quidem
337 2829 433 2910 poetis
454 2829 542 2908 vulgo
564 2829 628 2893 lieri
650 2829 725 2891 solet
745 2828 777 2888 in
792 2847 828 2888 eo
844 2827 961 2905 neglegi
977 2826 1028 2906 qui
1044 2825 1125 2905 quod

9 2964 10 2987 p
72 2909 161 2974 Graeci
180 2899 268 2997 ἦθος
288 2923 396 2975 vocant
416 2932 510 2992 paene
533 2914 658 2992 ignorat.
695 2912 836 2977 describit
858 2911 971 2973 Seneca
993 2910 1065 2973 iram
1087 2909 1125 2971 ti-

9 2994 11 3021 ‘
72 3012 169 3058 morem
195 3016 325 3060 amorem
355 2998 467 3061 luctum
492 2999 582 3060 etita
605 2999 724 3078 quidem
746 3004 883 3078 provecta
906 3004 934 3056 et
956 3003 1126 3073 exaggerata

73 3087 101 3140 ut
118 3083 210 3160 augeri
231 3090 394 3162 nequeant.
423 3083 502 3162 quod
524 3083 560 3143 ad
582 3101 681 3145 mores
703 3083 808 3145 attinet
822 3099 967 3162 personae
981 3080 1060 3142 illius
1076 3086 1127 3143 aut

73 3163 150 3227 malae
169 3176 218 3229 aut
239 3168 335 3229 bonae
357 3175 442 3230 sunt:
466 3186 522 3229 nec
543 3169 656 3231 medios
676 3186 777 3231 moros
800 3168 881 3229 norit
895 3185 951 3229 uec
965 3167 1125 3228 inmutatus

74 3250 165 3311 semim
193 3262 223 3314 et
252 3260 412 3314 eventuum
440 3253 613 3315 necessitate
643 3252 768 3333 quadam
792 3253 872 3314 inter
897 3251 1068 3331 patiendum
1097 3256 1127 3311 31

75 3335 201 3410 agendum
223 3338 433 3401 conformatos.
479 3346 510 3399 at
531 3338 681 3400 crudelem
700 3338 786 3401 Atrea
809 3338 944 3399 dolosum
959 3337 1063 3399 Ulixen
1078 3334 1125 3395 iu-

74 3415 148 3480 lidum
167 3421 271 3484 lasona
295 3431 407 3483 castum
430 3421 624 3502 Hippolytum
646 3442 684 3484 ne
706 3424 784 3502 apud
806 3422 890 3484 illum
911 3421 1030 3500 quidem
1054 3435 1125 3498 pro·

9 3512 11 3561 1
74 3500 141 3565 tinus
159 3507 279 3585 eradere
292 3506 392 3569 1111333
406 3518 578 3571 1333333133
589 3508 740 3588 simplices
759 3515 928 3569 constantes
941 3504 1125 3566 libidinosos.

144 3589 173 3650 in
196 3591 324 3653 Hercule
347 3592 456 3657 Oetaeo
478 3592 680 3673 primosum
702 3592 771 3655 11111
784 3591 921 3655 Deianira
943 3596 1041 3670 partes
1056 3587 1125 3665 agit.
1178 3604 1179 3608 ’

75 3687 119 3746 per
137 3676 276 3739 nutricem
300 3677 500 3756 comperimus
521 3678 642 3739 domum
663 3677 788 3740 intrasse
806 3694 874 3738 cum
890 3674 1010 3754 captivis
1025 3672 1125 3748 loleu;

75 3751 132 3816 ilico
149 3758 312 3823 Deianiram
335 3760 436 3823 dolore
459 3762 546 3841 plane
566 3762 680 3825 furioso
695 3772 861 3842 correptam
877 3779 951 3822 esse.
981 3757 1126 3837 inrumpit

76 3836 177 3904 domna
198 3857 226 3908 et
247 3846 392 3926 quidquid
414 3846 488 3911 irata
509 3847 615 3909 mulier
638 3847 790 3909 effundere
811 3854 910 3927 potest
932 3844 1056 3906 confuso
1073 3860 1126 3907 oro

76 3919 199 3990 declamat
204 3948 213 4004 ;
234 3932 363 4012 pessima
375 3949 510 4012 quaeque
525 3933 646 4012 coniugi
661 3933 850 4013 imprecatur,
866 3930 943 3992 lovis
958 3937 987 3993 31
1001 3928 1126 3993 lunonis
