2720 4488
188 247 249 309 150
570 263 599 305 n
622 262 727 304 nunant
748 261 876 307 annncrn

184 413 317 498 proludit
338 419 426 475 aetas.
471 410 574 475 nullus
595 411 644 474 lris
666 413 731 474 auri
753 412 810 474 luit

184 517 291 563 caecus
314 498 432 579 cupido,
454 497 586 560 nullus
578 518 610 561 tn
634 516 775 578 campo
762 516 845 560 sacer

183 584 282 648 divisit
302 602 389 664 agros
410 583 521 645 arbiter
542 582 662 664 populis
683 582 774 663 lapis;

183 669 319 735 nondum
341 666 480 731 secabant
501 668 638 731 credulae
660 677 786 748 pontum
812 676 906 729 rates:

183 774 237 817 sua
259 754 387 834 quisque
409 761 495 816 norat
517 754 623 828 maria3
648 771 709 815 non
731 761 812 815 vasto
835 771 942 833 aggere

184 839 347 920 crebraque
369 850 452 903 turre
474 838 629 901 cinxerant
650 838 740 901 urbes
762 838 856 913 latns3

122 925 126 935 '
183 944 246 988 non
268 942 347 986 uma
369 942 454 986 saera
475 923 561 986 miles
582 923 700 1004 aptabat
720 935 811 985 manu

33 1000 95 1053 ’Μ
57 1006 241 1151 Qnec
262 1019 339 1072 torta
361 1009 475 1071 clausas
496 1008 625 1099 fregerat
646 1026 716 1069 saxo
739 1008 819 1086 gravi

112 1100 149 1133 ¹
182 1078 320 1158 ballista
320 1102 430 1175 portas,
453 1093 532 1155 iussa
555 1111 613 1155 nec
635 1092 788 1155 dominum
811 1093 872 1174 pati
907 1113 924 1153 r

181 1181 285 1243 iuncto
308 1178 420 1241 terebat
441 1187 520 1241 terra
542 1178 693 1240 servitium
715 1177 807 1239 boves

183 1266 235 1328 sed
257 1283 324 1326 arva
345 1282 401 1344 per
422 1282 455 1325 ae
477 1264 535 1326 leta
558 1262 715 1361 poscentes
737 1263 812 1325 nihil

84 1334 137 1427 λ
181 1369 289 1435 parere
311 1358 425 1430 gentes,
447 1349 518 1410 silva
540 1348 650 1411 nativas
672 1366 745 1428 opes

182 1444 213 1498 et
234 1453 325 1516 opaca
348 1434 489 1496 dederant
510 1445 593 1497 antra
616 1435 727 1497 nativas
750 1434 864 1495 domos.

182 1538 291 1602 rupere
312 1518 446 1582 foedus
439 1520 548 1600 turpius
570 1519 646 1580 lucri
668 1520 754 1580 luror
1058 1576 1067 1603 x

183 1606 278 1669 stira
300 1621 444 1686 praeceps
467 1623 603 1685 quaeque
624 1621 784 1677 succensas
806 1603 867 1683 agit
884 1616 976 1661 out
990 1644 995 1651 .
1050 1620 1054 1629 ¹

182 1690 274 1753 libido
296 1698 430 1766 mentes3
452 1690 534 1753 venit
555 1689 672 1786 imperii
694 1689 758 1785 sitis

183 1770 316 1851 cruenta,
338 1777 435 1851 tactus
456 1775 564 1854 praeda
585 1775 692 1837 maiori
713 1774 822 1849 minor,

182 1879 239 1943 pro
260 1861 327 1922 iure
348 1861 426 1924 vires
449 1878 550 1935 esse.
567 1869 631 1921 tum
653 1859 782 1940 primunr
806 1877 895 1921 manu

181 1944 293 2008 bellare
315 1933 394 2007 nuda
407 1963 434 1998 e
454 1964 477 1999 e
502 1963 630 2025 saxaque
652 1956 682 2007 et
702 1962 801 2006 ramos
822 1946 912 2006 rudes

181 2040 296 2092 vertere
318 2031 350 2092 in
372 2047 469 2091 uma:
496 2049 557 2092 non
581 2038 643 2092 erat
665 2029 765 2109 gracili
788 2028 859 2091 levis

182 2123 292 2178 armata
313 2116 393 2176 ferro
416 2133 527 2177 cornus
550 2122 600 2176 aut
621 2115 712 2192 longo
735 2115 811 2175 latus

182 2218 328 2263 mucrone
350 2201 475 2278 cingens
498 2200 578 2262 ensis
601 2209 651 2261 aut
674 2201 761 2260 orista
784 2199 890 2279 procul
910 2189 1052 2255 'ur-”W

68 2318 86 2355 ‚·
129 2292 160 2345 'o
184 2285 284 2365 galeae
306 2295 471 2361 comantes:
497 2285 553 2346 tela
575 2283 700 2347 iaciebat
723 2283 817 2346 dolor.

182 2369 297 2433 invenit
318 2376 396 2431 artes
418 2368 543 2431 bellicus
564 2369 679 2431 Mavors
702 2386 792 2430 novas

183 2464 214 2519 et
233 2454 314 2516 mille
335 2455 445 2515 formas
466 2455 581 2515 mortis.
623 2454 696 2514 irinc
718 2463 812 2515 terras
834 2472 924 2519 cruor

183 2541 287 2604 iniecit
308 2557 412 2601 omncs
434 2539 520 2601 lusus
543 2546 573 2600 et
595 2538 697 2600 rubuit
718 2557 809 2623 mare.

182 2637 247 2688 tum
269 2625 379 2688 scelera
402 2625 521 2706 dempto
544 2626 604 2687 fine
625 2642 680 2704 per
702 2632 822 2686 cuncus
846 2626 949 2686 domos

182 2711 256 2787 iere,
278 2711 394 2772 nullum
416 2710 511 2772 caruit
533 2710 668 2790 exemplo
692 2709 792 2772 nefas:

182 2814 199 2858 a
221 2797 311 2858 lratre
332 2797 433 2872 frater,
456 2795 574 2857 dextera
597 2795 658 2858 nati
680 2814 790 2875 parcns

184 2880 300 2956 cecidit,
322 2881 446 2944 maritus
470 2880 607 2978 coniugis
629 2882 708 2942 ferro
731 2881 807 2941 iacet

182 2967 392 3048 perimuntque
414 2965 523 3028 letus
515 2965 623 3064 inpiae
644 2975 753 3027 matres
775 2983 862 3053 suos;

182 3062 270 3114 taceo
287 3069 460 3114 novercam:
484 3049 586 3112 mitior
608 3049 650 3112 nil
672 3059 717 3111 est
738 3047 819 3112 feris.¹

92 3174 99 3185 x
182 3136 234 3198 sed
256 3137 316 3197 dux
337 3136 483 3198 malorum
505 3122 630 3197 semina·
653 3135 727 3196 haec
749 3136 896 3197 scelerum
918 3134 1022 3197 artilex

38 3254 43 3263 ι
75 3264 79 3271 -
110 3254 128 3277 .·
183 3220 299 3282 obsedit
320 3220 444 3296 animos,
467 3220 557 3282 huius
578 3219 701 3280 incestis
723 3220 835 3303 stupris

115 3354 118 3363 Δ
182 3307 299 3368 fumant
319 3314 364 3367 tot
385 3305 486 3380 urbes,
509 3303 584 3366 bella
606 3314 651 3366 tot
672 3315 778 3383 gentes
800 3315 909 3385 gerunt

183 3401 213 3454 et
233 3388 317 3453 versa
339 3390 375 3452 ab
398 3390 458 3451 imo
479 3407 572 3469 regna
593 3396 639 3450 tot
659 3389 788 3470 populos
809 3398 959 3471 premunt.

183 3476 327 3540 sileantur
348 3475 437 3537 aliaee
460 3473 522 3536 sola
545 3474 676 3538 coniunx
698 3475 796 3555 Aegei,

180 3594 386 3606 -----—

267 3662 316 3714 att
336 3656 448 3727 perfudit
469 3657 494 3709 lt
584 3661 633 3711 537
653 3658 712 3712 sed:
735 3659 953 3712 deacr1m.ll
1038 3663 1087 3713 ott
1107 3657 1247 3726 precespl

180 3733 231 3785 543
255 3733 388 3781 cruentum
412 3726 510 3780 lacinus
532 3743 572 3796 pn
595 3731 614 3792 ς
666 3731 714 3780 545
732 3735 795 3795 poet
815 3727 882 3779 nuda
905 3729 955 3779 ltoo
976 3727 1039 3789 fare
1058 3727 1245 3779 decideramus:

181 3797 243 3867 [tela
260 3802 315 3849 tum
331 3810 406 3850 saera
424 3810 501 3848 manu
497 3794 521 3876 Ι
532 3745 625 3915 {ptam
642 3796 733 3862 adorti]
803 3799 852 3849 548
872 3800 916 3848 aut
932 3796 1005 3849 triste
1025 3796 1127 3862 (cristae
1145 3794 1245 3859 Aldina)

180 3880 228 3932 cap
230 3871 259 3918 ut
274 3866 300 3917 A
368 3865 418 3917 552
436 3863 518 3916 omnis
639 3867 688 3917 558
708 3868 779 3917 taceo
797 3879 931 3918 novercas.
954 3864 1042 3918 mitius
1059 3863 1120 3916 nihil
1139 3868 1179 3916 est
1193 3863 1244 3916 ieris

181 3934 259 3985 codd
277 3935 388 3985 corraei
410 3932 456 3997 (cf.
474 3932 542 3986 lior.
560 3932 656 3985 Alcert.
673 3932 750 4012 309).
804 3935 854 3986 559
872 3933 945 3999 liaeo]
969 3938 996 3986 et
1011 3934 1037 3985 A
1111 3935 1162 3986 560
1179 3931 1243 3984 huius

179 3999 272 4054 incesti
288 3999 314 4051 ll
331 4003 453 4051 conexit
468 4000 523 4053 Iao.
542 3998 693 4052 Granum
710 4000 783 4054 cuius
799 4001 913 4055 incestae
930 4003 955 4053 A
