2648 4478
437 255 475 297 ne
497 255 599 299 conmn
621 255 756 298 nanvsao.
1094 241 1131 302 17

69 424 148 486 aegre
163 406 279 486 legitor.
311 405 382 468 'mm
396 406 553 484 diligenter
574 406 653 477 enim
668 405 754 466 verba
769 405 824 468 ista
839 424 921 468 erasa
936 417 1023 484 sunt,
1050 416 1084 470 ut
1098 427 1133 471 ex

71 490 186 570 depictis
203 509 300 552 eorum
315 491 446 570 vestigiis
462 509 522 552 non
538 491 719 571 possessoris
736 499 850 552 tantum
872 491 997 555 alicuius
1012 510 1132 571 nomen,

21 638 22 641 ,
69 576 114 636 sed
135 583 164 637 et
179 575 266 637 ‘diras
286 575 319 637 in
333 575 402 636 libri
418 576 574 656 raptorem’
590 575 718 637 editores
732 576 950 639 enucleaverint
960 581 994 656 ²).
1025 597 1132 658 nempe

21 698 23 705 ,
70 659 91 720 si
104 660 207 721 oeulos
220 660 378 723 attenderis
392 670 537 741 apparent
550 661 655 723 haece:

189 749 240 808 iste
252 746 324 808 liber
338 758 378 808 eat
392 756 546 809 aaaaeotta
557 745 587 806 S.
605 744 702 822 Maraj
714 747 747 807 de
761 744 909 808 Florentia

188 833 296 892 ordinis
306 832 546 911 praedicatorem,
560 831 674 894 liabitas
688 832 721 893 de
734 829 887 893 taeattme

189 914 303 978 Nicolaa'
323 911 449 1001 [Nitenti
811 958 814 962 -

187 1004 254 1062 oieb
276 1002 434 1064 deotmunt
453 1013 482 1063 et
504 994 725 1084 [tempestati

71 1084 168 1163 quibus
191 1087 425 1166 superscriptum
449 1086 519 1146 init:

100 1173 147 1232 ista
169 1169 240 1233 liber
255 1214 413 1232 ,,,,,,,
429 1172 462 1233 aa
484 1170 602 1248 (nativit)
626 1168 730 1233 baaabo
753 1187 790 1231 ea
807 1180 893 1251 parta
914 1165 1096 1257 aaaaqaaaa·

71 1272 99 1314 ac
118 1254 141 1315 si
160 1255 338 1317 Bendidium
361 1255 484 1331 evolvas,
506 1254 542 1315 ab
566 1253 615 1314 illo
639 1261 672 1314 ut
692 1272 780 1339 saepe
802 1255 875 1316 disci
897 1257 1029 1335 potuisse
1044 1252 1132 1318 intel-

70 1336 139 1417 leges
167 1340 247 1419 quod
275 1341 313 1402 de
343 1340 443 1402 codice
471 1360 487 1402 a
511 1339 579 1400 viris
607 1338 700 1400 doctis
728 1338 774 1400 bis
796 1347 876 1401 terve
898 1342 1081 1421 pervolutata
1104 1349 1133 1403 et

73 1422 207 1504 descripto
229 1426 261 1487 in
284 1425 464 1487 editionibus
486 1441 632 1503 nusquam
655 1434 799 1487 narratur.

143 1510 235 1572 codex
257 1510 349 1589 igitur
369 1510 536 1571 Marcianus
557 1542 600 1555 —
615 1503 721 1584 πολῦς
742 1504 803 1590 γὰρ
827 1506 860 1573 ἐν
881 1513 1034 1593 βροτοῖσι
1056 1502 1132 1573 κούκ

74 1582 231 1673 ἀνώνυμος
253 1630 295 1640 -—
319 1603 398 1658 totus
427 1613 486 1656 una
515 1612 604 1655 manu
627 1601 763 1655 exaratus
784 1602 844 1670 est,
873 1596 992 1656 mutatis
1018 1603 1133 1657 tantum

73 1677 183 1742 subinde
199 1692 229 1742 et
243 1680 354 1741 calamo
372 1690 402 1741 et
416 1686 589 1741 atramento.
605 1687 807 1740 correctomm
823 1697 912 1759 opera
925 1696 981 1741 nee
992 1680 1133 1741 continua

74 1762 119 1822 luit
137 1774 164 1825 et
177 1767 356 1845 plerumque
372 1765 513 1839 modesta,
534 1765 580 1825 vel
593 1764 694 1843 potius
709 1765 901 1840 correctoris3
925 1783 993 1826 nam
1016 1773 1134 1846 praeter

74 1848 216 1911 secundam
239 1868 360 1911 manum
380 1867 557 1930 quamquam
571 1861 633 1911 tres
649 1848 778 1911 diversae
793 1850 1067 1929 deprehenduntur,
1081 1869 1132 1912 eae

74 1933 229 2009 parcissima
251 1935 399 2014 reliquere
420 1935 582 1997 industriae
602 1934 732 2012 vestigia.
763 1936 892 1997 secanda
914 1946 1013 1997 autem
1027 1952 1132 1997 manus

76 2026 222 2084 atramento
251 2038 305 2081 usa
334 2020 465 2098 nigriore
486 2037 575 2098 qnam
597 2019 692 2098 prima
714 2019 764 2081 hic
780 2016 845 2081 ‘illie
866 2020 978 2082 litteras
1000 2020 1132 2096 mutavit,

74 2098 178 2165 lineales
200 2104 321 2179 addidit,
344 2105 423 2166 hand
444 2105 616 2184 frequenter
633 2104 720 2165 verba
735 2104 850 2182 integra
864 2123 1001 2166 versusve
1015 2104 1132 2180 adiecit,

75 2202 152 2263 pauca
171 2189 210 2252 ita
233 2189 321 2251 erasit
339 2198 370 2251 ut
384 2190 457 2269 quid
471 2188 617 2250 subluerit
632 2188 737 2268 dispici
752 2197 889 2269 nequeat.
918 2189 955 2250 ab
968 2191 1024 2250 hac
1042 2207 1132 2253 manu

75 2268 169 2334 diversa
191 2283 238 2336 est
259 2275 314 2336 alia
337 2294 411 2355 quae
435 2295 460 2336 e.
477 2292 504 2352 g.
528 2275 673 2352 vulgatam
695 2273 852 2337 lectionem
875 2274 922 2335 lli.
940 2277 981 2338 37
1004 2275 1133 2337 restituit

21 2354 22 2359 ’
76 2362 99 2413 et
115 2370 260 2435 praeterea
282 2377 344 2421 non
365 2359 466 2420 multis
488 2358 561 2420 locis
583 2359 723 2434 occurrit,
749 2358 907 2422 Herculem
929 2359 1073 2439 priorem¹
1086 2360 1133 2421 vix

78 2443 182 2504 excedit.
212 2444 326 2506 diversa
349 2463 469 2505 rursum
491 2462 596 2506 manas
611 2443 732 2505 scholiis
746 2443 895 2523 margines
910 2445 1077 2524 complevit,
1100 2445 1131 2506 in

76 2539 230 2590 scaenarum
252 2529 429 2610 pleramque
451 2529 559 2605 initiis;
583 2547 657 2607 quae
680 2537 782 2608 postea
804 2530 902 2590 omnia
923 2529 1057 2609 spongiis
1080 2528 1132 2589 de-

77 2614 139 2671 tersa
152 2622 228 2689 sunt,
246 2634 307 2675 non
324 2614 362 2675 ita
373 2620 476 2675 'mmen
491 2624 524 2674 ut
540 2613 614 2675 nibil
630 2614 693 2674 erui
708 2615 817 2694 possit:
841 2614 912 2676 satis
931 2622 1011 2676 certe
1025 2632 1132 2693 super·

77 2709 124 2770 qua
142 2708 173 2759 ut
193 2700 230 2761 de
253 2700 349 2779 pretio
373 2717 477 2760 eorum
499 2716 623 2760 securas
644 2699 742 2779 degas.
779 2699 879 2761 eadem
894 2716 964 2760 vero
979 2718 1085 2761 manus
1100 2698 1131 2759 in

79 2777 242 2858 singularum
257 2785 433 2864 paginarum
447 2784 571 2844 summis
585 2783 767 2862 marginibus
782 2784 897 2845 fabulae
912 2802 1021 2844 nomen
1037 2781 1133 2862 pinxit

79 2870 101 2921 tt
117 2883 171 2928 non
191 2887 341 2948 nusquam
362 2868 496 2931 versibus
517 2869 659 2948 quaedam
682 2868 755 2948 ipsis
776 2868 941 2947 adscripsit.
983 2886 1000 2928 a
1022 2866 1131 2946 quibus

80 2950 197 3015 omnibus
219 2954 332 3015 diversa
355 2961 399 3015 est
421 2972 526 3016 manus
548 2972 623 3032 quae
645 2953 676 3014 in
699 2953 848 3014 Phaedrae
869 2952 934 3012 loco
958 2953 1020 3016 634
1042 2970 1087 3031 sq.
1102 2961 1133 3012 et

80 3028 129 3092 iliis
152 3038 338 3115 paucissimis
359 3037 471 3118 glossas
494 3039 572 3100 inter
591 3038 684 3100 lineas
706 3037 824 3099 addidit.
868 3037 997 3117 deniqne
1026 3056 1131 3099 manus

81 3121 184 3183 recentis
205 3123 270 3185 aevi
291 3142 384 3203 pauca
406 3123 543 3185 correxit.
572 3123 632 3185 buc
654 3140 722 3184 cum
748 3123 866 3186 accedat
890 3130 924 3184 ut
949 3123 1043 3203 prima
1069 3141 1131 3186 ma·

81 3215 126 3260 nus
143 3219 205 3284 post
233 3208 377 3288 scriptum
406 3208 515 3270 librum
543 3209 606 3288 ipsa
635 3227 696 3268 non
719 3208 800 3270 nulla
821 3215 905 3270 antea
929 3207 1037 3269 omissa
1059 3226 1131 3289 sup-

80 3281 189 3367 pluerit,
210 3293 292 3354 vides
314 3293 517 3355 discernendis
538 3293 675 3355 manibus
697 3293 885 3372 quantumvis
909 3311 1045 3375 magnam
1065 3292 1131 3353 dili-

81 3372 185 3443 ttttiam
215 3378 445 3457 impendendam
473 3396 549 3440 esse.
592 3377 623 3439 id
649 3378 729 3458 qnod
755 3379 863 3440 necin
886 3378 1041 3440 hoolibro
1064 3386 1132 3438 ante

80 3457 297 3524 catecumeni
312 3481 369 3524 nec
382 3464 414 3525 in
429 3463 493 3525 aliis
509 3464 595 3542 vulgo
610 3462 674 3525 ilari
685 3463 770 3525 solet.
794 3464 871 3526 idem
885 3462 961 3525 valet
975 3462 1011 3523 de
1026 3461 1131 3523 litteris

82 3539 239 3630 litibusque
261 3549 353 3609 erasis
372 3547 527 3628 scriptisve
548 3549 580 3609 in
602 3566 714 3623 rasura,
736 3549 772 3610 de
794 3548 903 3629 quibus
926 3557 959 3609 nt
983 3554 1062 3609 recte
1084 3548 1131 3608 iu-

82 3618 173 3690 dicator
187 3650 295 3711 operae
310 3651 378 3713 pars
393 3633 481 3712 longe
496 3633 664 3695 difficillima
680 3643 725 3694 est
741 3634 868 3695 necdum
878 3651 949 3694 sana
961 3633 991 3693 in
1004 3632 1130 3695 Etrusco

84 3702 177 3806 dextere
198 3717 408 3780 administrata.
450 3719 549 3798 itaque
571 3718 700 3798 primum
721 3718 802 3779 locos
823 3719 858 3779 de
881 3735 1008 3797 quorum
1031 3736 1131 3780 corre-

84 3796 156 3857 tttms
180 3799 338 3883 liturisque
364 3820 470 3884 pamm
498 3809 578 3866 recte
600 3822 615 3864 a
636 3803 787 3884 prioribus
808 3802 932 3865 relatum
955 3812 999 3866 est
1021 3821 1131 3885 paucos

86 3903 264 3928 κ.-

151 3980 169 4046 ²)
184 3986 261 4053 praef.
278 4003 305 4054 p.
322 3985 429 4040 lllllllll.

125 4067 444 4133 tolosanamtnaoaaie.
913 4075 928 4125 2
