2790 4494
615 244 744 289 TROADES
819 282 821 285 .
836 255 842 263 ’

143 388 270 451 nimium
292 408 326 451 ac
348 390 485 453 seroces?
529 396 719 458 stamushoc
739 396 830 460 Danai
853 398 928 475 loco,

142 474 223 536 unde
245 475 295 537 illa
316 477 432 539 cecidit.
474 479 577 555 fateor,
600 480 757 560 aliquando
779 483 928 564 impotens

91 640 97 645 .
141 577 236 638 regno
259 578 294 622 ac
315 563 464 642 superbus
485 563 572 625 altius
594 574 702 628 memet
722 568 793 643 tuli;

143 645 196 706 sed
218 646 305 724 fregit
327 646 394 709 illos
415 648 538 728 spiritus
559 649 631 712 haec
654 670 729 730 quae
752 652 821 715 dare

143 729 290 809 potuisset
310 732 376 794 aliis
399 751 495 808 causa,
518 733 667 796 Fortunae
689 737 778 798 saror.

143 825 176 877 tu
199 833 246 877 me
268 818 441 896 superbum,
464 817 589 896 Priame,
611 829 643 880 tu
667 820 802 884 timidum
823 824 905 886 facis.

143 918 199 978 ego
222 919 287 964 esse
311 904 469 983 quicquam
492 913 608 985 sceptra
630 905 688 967 nisi
710 925 784 968 vano
807 919 908 988 putem

141 985 260 1064 fulgore
281 995 391 1049 tectum
415 1008 524 1051 nomen
546 997 576 1051 et
595 990 669 1053 falso
694 1010 809 1054 comam

142 1070 240 1133 vinclo
264 1071 440 1135 decentem?
485 1092 571 1136 casus
592 1076 665 1137 haec
687 1078 783 1156 rapiet
803 1078 909 1154 brevis,

143 1175 200 1218 nec
221 1157 301 1218 mille
324 1159 424 1220 forsan
446 1158 559 1221 ratibus
581 1167 632 1235 aut
653 1162 739 1223 annis
762 1163 873 1224 decem.

142 1242 280 1323 equidem
302 1243 416 1306 fatebor
436 1246 521 1325 (pace
543 1244 650 1306 dixisse
671 1247 729 1308 hoc
750 1255 810 1322 tua,

142 1329 248 1407 Argiva
269 1328 367 1405 tellus,
390 1329 489 1407 liceat)
510 1329 600 1408 affligi
622 1330 753 1411 Phrygas

141 1413 281 1493 vincique
302 1414 396 1476 volui:
420 1432 508 1476 ruere
530 1422 560 1475 et
581 1417 699 1495 aequari
723 1417 786 1477 solo

141 1499 255 1559 utinam
277 1499 447 1562 annuissem.
492 1500 544 1563 sed
565 1500 628 1578 regi
651 1502 742 1563 frenis
765 1502 869 1581 nequit

142 1592 172 1644 et
193 1584 236 1645 ira
260 1591 289 1645 et
309 1584 416 1646 ardens
438 1585 533 1647 hostis
555 1594 584 1646 et
605 1585 726 1648 victoria

142 1669 298 1730 commissa
320 1670 410 1731 nocti.
453 1668 597 1749 quidquid
619 1671 775 1750 indignum
798 1679 849 1733 aut
872 1671 968 1732 ferum

142 1755 281 1833 cuiquam
303 1755 395 1816 videri
418 1754 523 1835 potuit,
545 1755 603 1816 hoc
624 1756 694 1817 fecit
716 1757 801 1817 dolor

141 1840 351 1919 tenebraeque,
374 1858 429 1920 per
450 1859 524 1919 quas
547 1840 663 1921 ipsese
686 1841 780 1903 irritat
802 1841 896 1915 furor,
958 1890 961 1893 .

141 1924 317 2004 gladiusque
339 1925 418 1999 felir,
441 1925 527 1987 cuius
548 1926 650 1988 intecti
673 1927 765 1989 semel

141 2028 245 2071 vecors
267 2009 357 2071 iihido
380 2020 433 2072 est.
478 2009 622 2091 quidquid
644 2030 762 2074 eversae
783 2019 882 2091 potest

140 2113 299 2175 superesse
321 2095 437 2170 Troiae,
460 2103 591 2158 maneat:
616 2105 748 2159 exactum
771 2096 841 2157 satis

141 2198 306 2261 poenarum
330 2190 359 2241 et
380 2180 457 2243 ultra
480 2189 536 2242 est.
579 2183 660 2261 regia
683 2191 716 2243 ut
737 2183 820 2260 virgo
845 2181 958 2245 occidat

141 2265 319 2345 tumuloque
339 2267 451 2327 donum
473 2266 561 2329 detur
583 2276 612 2328 et
634 2267 750 2329 cineres
772 2267 847 2344 riget

142 2360 173 2413 et
194 2351 308 2412 facinus
330 2359 414 2412 atrox
436 2351 532 2413 caedis
555 2362 587 2414 ut
609 2352 752 2415 thalamos
773 2362 889 2426 vocent,

141 2454 204 2496 non
227 2437 330 2516 patiar.
373 2437 405 2497 in
426 2455 474 2498 me
497 2437 583 2517 culpa
606 2444 783 2499 cunctorum
806 2436 897 2501 redit:

142 2521 195 2599 qui
218 2540 279 2582 non
302 2530 378 2583 vetat
400 2539 533 2601 peccare,
557 2541 625 2583 cum
646 2523 751 2602 possit,
775 2521 866 2583 iuhet.

140 2625 244 2668 nmen.
274 2605 434 2668 Nullumne
458 2606 579 2668 Achillis
600 2607 763 2688 praemium
785 2624 887 2669 manes
908 2603 1026 2668 serent?

141 2709 229 2752 scau.
274 2692 392 2768 Ferant,
415 2701 443 2752 et
464 2692 548 2753 iilnm
570 2691 706 2755 laudibus
729 2691 829 2754 cuncti
851 2701 960 2754 canent

140 2794 342 2856 magnumque
364 2784 461 2838 terrae
483 2795 593 2839 nomen
617 2777 735 2857 ignotae
756 2775 886 2838 audient.

142 2862 224 2941 quod
247 2862 272 2922 si
294 2863 405 2923 levatur
427 2863 571 2941 sanguine
593 2862 692 2924 infuso
715 2860 801 2936 cinis,

143 2947 243 3026 opima
264 2946 384 3027 Phrygii
407 2947 481 3008 colla
504 2947 664 3009 caedantur
685 2964 791 3026 greges
825 2992 828 3005 .

140 3031 273 3111 fluatque
295 3031 369 3094 nulli
390 3032 497 3094 flebilis
519 3033 606 3094 matri
629 3049 727 3095 eruor.

142 3115 211 3194 quis
233 3117 287 3179 iste
309 3136 374 3189 mos
396 3115 463 3179 est?
493 3119 612 3197 quando
634 3118 665 3178 in
688 3116 809 3179 inferias
830 3115 919 3176 homo
942 3122 988 3175 est

142 3202 297 3281 impensus
318 3200 472 3264 hominis?
517 3202 636 3264 detrahe
659 3201 796 3263 invidiam
818 3207 870 3262 tuo

142 3417 197 3453 non
216 3401 333 3454 omnibus
350 3401 453 3454 fortuna
472 3407 523 3454 tam
541 3402 611 3454 lenta
629 3401 744 3453 imminet
1174 3408 1216 3451 aas

228 3571 278 3623 269
302 3569 345 3621 alii
361 3571 387 3621 A
439 3573 488 3624 223
507 3570 592 3622 vincto
610 3573 739 3636 tegentem
757 3572 783 3633 ς.
801 3596 834 3606 -
852 3568 954 3635 rapitg
1009 3569 1059 3619 224
1081 3566 1175 3619 forsan
1192 3565 1218 3617 u

142 3641 192 3692 225
211 3644 274 3689 anto
291 3641 341 3691 224
359 3638 391 3690 Ε.
427 3639 519 3690 delevi.
546 3638 582 3701 es.
599 3639 621 3703 I,
638 3639 673 3690 35
742 3639 791 3690 229
810 3636 886 3688 etiem
905 3636 1045 3703 arguissem
1063 3634 1139 3686 codd.
1157 3650 1216 3686 cor-

141 3709 217 3787 rexit
232 3706 386 3773 Madmgiur
404 3707 463 3759 ado.
482 3707 512 3757 11
526 3723 552 3773 p.
572 3706 622 3758 120
640 3705 788 3769 (arcuissem
806 3705 924 3772 Lipsius)
1003 3705 1054 3757 283
1078 3718 1105 3756 se
1124 3718 1175 3755 om,
1194 3702 1221 3753 Ε

140 3777 358 3896 „if
374 3774 628 3922 waratto
645 3773 943 3923 tzrs‘rras
960 3771 1219 3908 ,sturm

141 3910 411 4032 qqqatthggpnciheqem
480 3914 530 3965 299
549 3925 593 3977 qm
611 3909 635 3961 Ε
665 3910 804 3975 vulgasse
822 3911 1032 3975 interpungeot:
1051 3912 1098 3973 est,
1116 3906 1221 3975 quando
