2790 4494
622 222 751 279 rnoanns

235 398 265 451 et
286 406 340 468 par
361 386 487 448 sollicito
508 386 606 448 labula
628 385 754 448 somnio.

237 472 354 555 quaeris
377 491 436 552 qno
459 473 554 568 iaoeas
577 480 646 552 post
667 471 781 532 obitum
803 467 894 532 loeo‘l

236 577 295 639 quo
319 575 379 619 non
403 565 471 619 nata
492 566 598 619 raoent.
620 591 662 602 -

427 663 433 673 ’
457 686 717 750 nunnonnonn

235 786 323 863 Quid,
345 795 454 848 maesta
475 783 620 865 Phrygiae
642 786 738 862 turha,
761 786 894 849 laceratis
920 803 1018 847 eomas

149 873 352 951 miserumque
374 879 478 933 tunsae
500 879 605 951 peetus
628 871 721 933 effuso
744 890 834 950 genas
923 916 927 920 -

149 958 223 1019 fletu
244 954 367 1037 rigatis?
389 956 462 1018 levia
483 973 642 1036 perpessae
665 975 778 1032 sumus,

149 1044 175 1104 si
197 1043 293 1104 flenda
316 1041 454 1123 patimur.
498 1041 584 1103 Ilium
606 1040 689 1103 vohis
711 1042 809 1117 modo,

148 1128 222 1191 mihi
245 1128 350 1189 oeoidit
371 1127 452 1203 olim,
475 1131 543 1191 enm
565 1127 645 1188 leros
669 1144 759 1188 curru
781 1127 872 1189 ineito

148 1232 215 1279 mea
235 1212 366 1274 membra
389 1219 506 1292 raperet
527 1220 558 1273 et
579 1213 657 1290 gravi
681 1223 811 1291 gemeret
832 1230 908 1273 sono

102 1349 109 1354 .
148 1297 285 1366 Peliacus
305 1297 368 1360 axis
389 1296 523 1377 pondere
544 1294 689 1359 Hectoreo
712 1307 851 1359 tremens

148 1393 223 1445 tuno
245 1383 350 1445 obruta
371 1382 459 1462 atque
483 1401 582 1444 eversa
605 1383 813 1463 quodcumque
836 1381 941 1443 aedidit

149 1479 275 1548 torpens
297 1468 381 1529 malis
403 1469 564 1547 rigensque
586 1468 650 1529 sine
672 1486 762 1529 sensu
784 1468 858 1528 lero.

148 1553 206 1619 itm
230 1560 331 1634 erepta
353 1553 460 1615 Danais
483 1552 641 1631 coniugem
662 1570 805 1633 sequerer
826 1568 935 1628 meum,

149 1638 208 1701 nisi
230 1639 281 1700 hie
302 1646 432 1701 teneret:
455 1637 505 1701 hie
525 1656 609 1699 mens
631 1637 745 1700 animos
767 1638 866 1699 domat

148 1724 285 1804 morique
307 1723 460 1804 prohihet3
492 1723 571 1802 eogit
592 1723 642 1784 hio
663 1722 774 1803 aliquid
796 1723 867 1784 deos

148 1810 247 1871 adhuc
268 1827 373 1888 rogare
393 1842 436 1857 -·
459 1817 576 1888 tompus
597 1827 755 1871 aerumnae
777 1807 895 1871 addidit

148 1894 199 1956 hio
219 1894 293 1956 mihi
315 1895 458 1956 malorum
480 1893 639 1957 maximum
660 1895 790 1955 lruotum
812 1893 941 1968 abstulit,

103 2028 106 2031 .
150 1979 225 2049 nihil
248 1980 368 2042 timere:
400 1978 553 2060 prosperis
575 1979 665 2040 rebus
686 1979 771 2040 loeus

150 2073 271 2144 ereptus
293 2063 400 2139 omnis,
428 2064 490 2134 dira
513 2082 570 2144 qua
591 2064 713 2127 veniant
731 2063 850 2125 hahent.

148 2150 350 2212 miserrimum
370 2159 417 2211 est
437 2151 552 2224 timere,
574 2168 642 2212 eum
664 2168 767 2230 speres
789 2148 873 2211 nihil.

475 2279 600 2341 SENEX

150 2378 224 2451 Quis
245 2387 274 2440 te
296 2397 405 2459 repens
428 2379 587 2441 commovit
607 2378 744 2439 aldiotam
766 2374 884 2442 metus?

149 2482 235 2525 unna.
280 2463 420 2525 Exoritur
441 2463 560 2543 aliquod
582 2464 676 2526 maius
699 2482 735 2525 ex
755 2483 863 2544 magno
884 2466 1003 2528 malurn.

149 2549 284 2610 nondum
306 2549 421 2609 ruentis
443 2549 488 2610 llii
511 2550 603 2611 fatum
627 2548 716 2610 stetit.

150 2652 213 2695 seu.
257 2633 296 2694 Et
317 2652 390 2712 quas
414 2635 552 2715 reperiet,
574 2642 607 2695 ut
629 2632 707 2701 velit,
732 2633 827 2695 clades
849 2631 944 2695 deus?

149 2737 237 2779 nunn.
280 2719 380 2799 Stygis
401 2719 567 2799 profundae
590 2720 716 2801 claustra
739 2728 768 2780 et
789 2718 908 2780 obscuri
930 2737 1037 2800 speous

147 2803 284 2866 laxantur
308 2812 347 2879 et,
369 2823 407 2865 ne
429 2803 504 2865 desit
527 2804 635 2874 eversis
659 2811 765 2876 metus,
839 2862 841 2867 .

149 2890 251 2950 hostes
272 2889 308 2950 ab
331 2888 390 2949 imo
413 2889 523 2950 conditi
547 2888 613 2950 llite
635 2900 745 2950 exeunt
765 2923 807 2933 -

149 2974 262 3036 solisne
284 2982 363 3035 retro
386 2974 519 3054 pervium
542 2983 587 3036 est
608 2973 715 3034 llanais
738 2970 815 3035 iter‘l

150 3068 232 3120 uerte
254 3078 346 3139 aequa
368 3077 448 3120 mors
471 3068 532 3127 est:
562 3056 661 3121 turbat
682 3067 771 3138 atque
793 3056 882 3135 agitat
902 3052 1034 3138 Phrygas

150 3144 318 3206 communis
339 3144 394 3204 iste
416 3152 528 3218 terror3
559 3143 608 3205 hio
629 3144 750 3225 proprie
771 3161 870 3206 meum

150 3237 278 3293 exterret
299 3228 430 3290 animum
454 3229 550 3291 noetis
572 3229 737 3290 horrendae
758 3228 861 3309 sopor.'

7 3304 134 3431 wo]
149 3333 214 3375 ssu.
259 3314 340 3385 Quae
360 3314 420 3374 visa
442 3312 565 3394 portas?
594 3315 667 3376 eller
687 3314 718 3375 in
740 3314 870 3375 medium
891 3312 1016 3376 metus?

149 3416 235 3459 nnnn.
280 3398 381 3461 Partes
404 3400 465 3461 lere
489 3418 546 3460 nox
568 3399 643 3461 alma
664 3400 822 3461 transierat
844 3398 915 3461 duas
967 3386 1038 3453 ‘⁷4'

150 3482 323 3563 clarumque
345 3492 461 3562 septem
481 3482 629 3546 verterant
650 3483 750 3546 stellae
772 3485 874 3563 iugum
881 3502 890 3559 ;

149 3568 250 3647 ignota
271 3569 390 3631 tandem
412 3569 493 3631 venit
514 3567 638 3631 afflictae
662 3569 746 3649 quies
1021 3641 1037 3645 „‚
1176 3577 1223 3628 440

117 3715 158 3726 ’·
221 3700 294 3754 ddi.
313 3698 363 3755 468
380 3708 482 3769 posto.
499 3701 550 3756 399
566 3704 591 3755 A
659 3706 710 3756 409
727 3718 839 3754 scaenas
855 3704 1030 3768 demptum:
1048 3699 1223 3753 Andromacha

148 3766 233 3823 Senex
250 3768 411 3822 Antienauh'
438 3767 504 3822 And
518 3771 543 3823 S.
556 3768 642 3823 Vlixes
654 3771 786 3822 A.—loe.
795 3784 885 3823 manus
903 3772 922 3836 ς
973 3773 1023 3823 416
1041 3782 1130 3822 eversa
1148 3768 1223 3821 'lhois

147 3837 262 3903 coaddit
278 3838 304 3889 A
373 3840 423 3891 ltt
444 3838 553 3892 lerorA
621 3841 671 3892 tta
689 3844 807 3906 repetens
825 3838 866 3891 s«
912 3841 960 3891 427
980 3836 1113 3904 aliquid&
1173 3836 1223 3891 rto

147 3904 234 4026 Sgygh
251 3905 371 3971 profundi
389 3907 432 4024 ΑΕ
465 3909 516 3960 434
534 3907 632 3960 tumulo
651 3914 744 3959 exeunt
762 3910 786 3958 Α
838 3910 886 3961 437
906 3911 1010 3975 portant
1026 3906 1052 3957 A
1086 3909 1224 3974 portent&

146 3977 270 4028 48nox
288 3973 339 4025 iarn
356 3978 388 4027 tr.
