2658 4488
516 236 691 283 tenuandus

51 397 89 449 at
112 385 176 456 ille,
200 395 232 448 ut
253 384 319 447 altis
341 386 477 466 hispidus
498 387 579 449 silvis
601 407 673 468 aper

54 489 133 537 oum
158 489 240 533 casse
261 470 378 534 vinetus
399 480 522 553 temptat
544 491 681 551 egressus
703 484 800 539 tamen

55 564 201 635 artatque
223 564 304 617 motu
327 556 422 618 vincla
444 566 474 618 et
495 558 526 619 in
550 576 665 622 cessum
687 560 768 634 furit,

58 641 151 722 cupit
173 642 300 704 fluentes
322 641 454 721 undique
477 653 506 706 et
528 662 631 706 caecos
653 646 737 708 mnus

59 727 192 789 disicere
215 734 245 787 et
266 727 381 788 hostem
403 728 517 805 quaerit
538 728 699 808 implicitus
722 749 819 793 suum
869 801 872 806 ,

58 819 161 874 armat
182 810 304 891 bipenni
327 811 471 891 Tyndaris
491 813 623 877 dextram
644 815 758 892 furens,

59 896 223 976 qualisque
246 896 282 957 ad
304 915 369 959 aras
392 897 465 961 colla
488 906 641 963 taurorum
663 918 742 980 popa

59 982 202 1060 designat
224 981 319 1043 oculis
340 990 497 1062 antequam
519 984 599 1047 lerro
622 993 712 1064 potet,

61 1068 110 1129 sic
132 1069 193 1128 huc
216 1077 245 1128 et
266 1065 337 1128 illuc
359 1068 478 1148 impiam
500 1068 588 1133 libret
609 1087 739 1133 manum.

63 1152 166 1227 hahet,
189 1159 341 1231 peractum
364 1160 417 1214 est.
461 1154 574 1233 pendet
597 1156 701 1234 exigua
723 1155 799 1219 male

63 1244 158 1317 caput
180 1244 362 1316 amputatum
384 1245 469 1318 parte
491 1248 520 1300 et
542 1239 612 1303 hinc
634 1249 741 1302 trunco
762 1259 854 1303 cruor

66 1323 206 1398 exundat,
230 1321 291 1382 illic
313 1340 364 1383 ora
387 1340 453 1384 cum
475 1324 595 1387 fremitu
619 1325 724 1387 iacent.

66 1407 202 1468 nondum
225 1407 382 1469 recedunt:
407 1407 457 1468 ille
479 1409 536 1471 iam
559 1411 722 1473 exanimem
746 1411 820 1491 petit

65 1491 236 1570 laceratque
259 1510 378 1572 corpus,
400 1492 448 1553 illa
472 1494 633 1556 fodientem
654 1495 778 1557 adiuvat.

67 1585 197 1657 uterque
218 1584 300 1638 tanto
323 1577 434 1639 scelere
456 1580 618 1659 respondet
639 1580 716 1642 suis:

66 1671 115 1725 est
137 1662 186 1724 hic
207 1662 334 1742 Thyeste
356 1670 453 1738 natus,
476 1663 550 1727 haec
571 1663 699 1727 Helenae
722 1683 816 1727 soror.

66 1755 127 1809 stat
148 1766 217 1809 ecce
239 1747 325 1809 Titan
348 1747 457 1809 dubius
479 1750 601 1813 emerito
625 1751 681 1826 die,

68 1851 164 1894 suane
187 1841 286 1894 currat
307 1851 345 1895 an
367 1834 511 1912 Thyestea
533 1835 587 1897 ria.

361 1984 539 2049 ELECTRA

156 2086 247 2166 Fuge,
270 2105 288 2147 o
310 2095 450 2167 paternae
471 2088 576 2151 mortis
598 2089 738 2151 auxilium
762 2090 895 2167 unicum,

69 2173 141 2253 fuge
163 2182 192 2233 et
213 2171 351 2233 scelestas
373 2172 502 2256 hostium
525 2174 582 2235 vita
603 2193 719 2237 manus.

68 2274 171 2320 eversa
194 2257 298 2318 domus
321 2265 366 2318 est
386 2257 529 2333 funditus,
551 2277 643 2338 regna
666 2260 815 2323 occidunt.

71 2345 181 2423 hospes
204 2343 270 2421 quis
293 2342 348 2404 iste
370 2343 503 2405 concitos
525 2362 632 2411 currus
654 2342 737 2424 agit?

73 2446 221 2507 germane,
244 2425 341 2488 vultus
363 2435 441 2490 veste
462 2428 585 2493 furabor
607 2438 685 2495 tuos.

72 2512 154 2592 quid,
175 2513 271 2574 anime
294 2512 426 2589 demens,
448 2512 583 2593 refugis?
616 2524 753 2585 externos
775 2512 883 2579 times?

72 2598 177 2659 domus
198 2597 326 2658 timenda
349 2605 402 2658 est.
446 2616 527 2677 pone
551 2599 608 2661 iam
630 2600 762 2681 trepidos
783 2609 890 2676 metus,

74 2683 191 2745 Oresta:
215 2682 300 2744 amici
322 2682 377 2744 fida
400 2683 546 2762 praesidia
567 2684 677 2748 intuor.

247 2824 251 2831 ’
360 2834 572 2897 STROPHlVS

157 2936 285 2999 Phocide
306 2936 408 2999 relicta
430 2937 590 3017 Strophius
612 2937 682 2999 Elea
710 2938 840 3001 inclutus

74 3022 167 3103 palma
191 3032 329 3083 revertor.
375 3040 463 3083 causa
485 3022 620 3085 veniendi
642 3022 699 3087 fuit

75 3106 179 3190 &rotari
202 3107 306 3185 amico,
330 3107 415 3169 cuius
437 3106 597 3187 impulsum
620 3125 709 3169 manu

75 3192 177 3253 recidit
200 3190 326 3255 decenni
346 3192 440 3255 hlarte
462 3210 641 3255 concussum
663 3193 759 3257 Ilium.

75 3294 218 3356 quaenam
238 3278 296 3339 ista
318 3277 445 3339 lacrimis
467 3276 624 3354 lnguhrem
646 3277 759 3341 vultum
782 3278 858 3357 rigat

77 3373 218 3443 pavetque
240 3359 370 3424 maesta?
404 3361 520 3441 regium
539 3380 671 3441 agnosco
694 3381 800 3441 genus.

159 3564 208 3616 896
226 3560 346 3615 dissicere
368 3562 445 3615 codd.
517 3562 567 3612 898
584 3560 655 3627 prius
678 3562 754 3614 codd.
773 3563 895 3613 corrodit
912 3559 944 3611 de
963 3560 1146 3614 Wilamowita

75 3632 125 3684 993
141 3629 210 3683 illinc
226 3629 277 3682 EA
294 3634 403 3695 oneng
482 3631 534 3682 904
551 3629 665 3698 exanime
683 3630 708 3680 E
790 3632 838 3682 997
858 3628 900 3681 hic
917 3631 958 3681 est
974 3629 1006 3679 A.
1025 3656 1058 3665 -
1076 3640 1149 3679 soror

78 3700 133 3751 tm.
150 3696 220 3750 furor
236 3699 296 3752 Em.
314 3698 339 3748 E
408 3699 458 3750 909
476 3710 522 3750 sua
540 3709 587 3747 nec
604 3701 688 3749 sumat
703 3698 728 3748 E
795 3712 908 3748 resenas
922 3696 1032 3748 tituhu:
1049 3695 1147 3748 Electra

77 3767 181 3834 lugism.
206 3765 308 3820 Orestes
325 3766 419 3821 tacitus
436 3764 461 3817 E
477 3766 576 3821 Electra
595 3765 620 3815 A
694 3768 741 3819 911
763 3765 845 3832 fugito
863 3763 925 3817 scel
942 3763 967 3815 h.
985 3764 1052 3816 evita
1070 3779 1105 3815 m.
1123 3763 1148 3815 A

77 3838 124 3889 919
141 3834 258 3888 concitas
276 3835 302 3887 E
323 3837 446 3889 conenit
465 3833 615 3885 Gronovius
639 3833 697 3901 quis
721 3834 770 3886 iste
794 3833 889 3893 celeres
906 3832 1022 3885 concitus
1040 3848 1063 3884 e.
1080 3846 1104 3885 a.
1123 3832 1148 3882 A

40 3942 42 3945 -
78 3906 124 3956 eto
142 3917 207 3971 qnos
225 3904 260 3956 A.
276 3930 310 3943 —-
328 3906 379 3955 ert.
397 3902 465 3968 tugis
477 3904 502 3954 A
568 3904 618 3956 918
633 3917 748 3958 reama
766 3901 860 3967 tidelm
877 3899 1022 3969 Strophius.
1040 3900 1148 3953 Electra.

78 3971 175 4024 Orestes
192 3970 218 4023 Ε
236 3968 370 4039 Strophius
387 3969 543 4037 (Strophilus
559 3973 590 4035 ς)
606 3969 645 4023 El.
662 3970 687 4021 A
749 3988 752 3993 ·
