2790 4494
639 292 767 337 TROADES
822 321 825 325 <

227 457 229 465 ’
252 464 289 506 au
313 463 451 524 premens
472 443 542 506 litus
563 444 652 506 maris
675 444 799 525 inquieti

252 548 371 608 semper
392 530 505 609 Euripo
528 540 707 610 properante
730 529 866 592 Chalcis?

253 614 385 694 quolibet
406 622 493 683 vento
516 614 615 676 faciles
638 615 791 696 Calydnae,

252 719 289 762 an
312 718 415 762 carens
439 719 600 779 numquam
624 701 774 762 Gonoessa
798 709 885 762 vento

254 803 387 865 quaeque
409 785 547 846 formidat
568 785 682 847 Borean
706 783 839 866 Enispe?

253 871 346 931 Attica
369 871 502 950 pendeus
523 870 704 949 Peparethos
727 889 787 947 ora,

252 975 288 1017 an
312 955 402 1016 sacris
426 957 556 1034 gaudens
577 956 673 1017 tacitis
696 954 842 1017 Eleusin?

253 1040 398 1119 numquid
421 1040 516 1102 Aiacis
539 1041 684 1102 Salamina
708 1041 802 1104 iveri

253 1134 301 1187 aut
324 1126 385 1186 lera
408 1135 506 1187 notam
530 1125 675 1206 Calydona
701 1145 794 1200 saeva,

253 1229 385 1290 quasque
408 1211 560 1291 perfundit
582 1211 734 1272 subiturus
757 1228 868 1290 aequor

192 1296 194 1301 ’
252 1292 393 1374 segnibus
416 1305 510 1357 terras
532 1295 696 1357 Titaressos
718 1294 831 1356 uudis‘l

252 1382 362 1442 Bessan
385 1389 413 1442 et
435 1381 603 1460 Scarphen,
631 1381 724 1461 Pylon
747 1400 784 1442 au
808 1378 953 1441 senilem?

251 1466 360 1527 Pharin
383 1485 420 1525 an
443 1465 525 1527 Pisas
548 1466 623 1527 lovis
646 1476 674 1527 et
696 1467 815 1527 coronis

336 1550 419 1611 Elida
441 1548 571 1612 claram‘l

252 1635 390 1707 Quolibet
411 1635 503 1697 tristis
525 1636 647 1696 miseras
670 1636 798 1714 procella

250 1721 345 1782 mittat
368 1731 397 1782 et
419 1721 510 1782 donet
532 1721 709 1800 cuicumque
731 1730 835 1796 terrae,

251 1807 320 1867 dum
343 1806 423 1867 luem
444 1814 554 1868 tautam
577 1806 682 1866 Troiae
704 1814 792 1885 atque
816 1805 931 1867 Achivis

250 1910 326 1970 quae
349 1891 426 1966 tulit,
449 1891 563 1970 Sparte,
586 1891 692 1970 procul
713 1891 797 1962 absit,
821 1890 897 1952 absit

251 1977 345 2054 trgos
368 1982 398 2037 et
419 1978 494 2037 saevi
517 1976 635 2055 Pelopis
660 1977 809 2056 Mycenae,

251 2061 368 2123 Neritos
390 2080 477 2140 parva
499 2061 616 2123 brevior
638 2061 784 2141 Zacyntho

252 2155 281 2208 et
303 2165 415 2207 nocens
437 2147 514 2206 saxis
536 2146 634 2207 ithace
657 2146 776 2207 dolosis.

337 2231 422 2302 Quod
444 2240 543 2292 manet
564 2233 654 2292 fatum
678 2232 875 2311 dominusque
898 2233 971 2313 quis-
990 2243 1028 2309 te,

252 2324 302 2377 aut
324 2315 431 2396 quibus
453 2317 550 2391 terris,
573 2316 702 2392 Hecuba,
725 2318 877 2379 videndam

252 2399 362 2462 ducet‘l
389 2402 420 2462 in
444 2401 528 2462 ouius
550 2401 677 2463 moriere
699 2401 814 2480 reguo?

474 2552 627 2614 HELENA

252 2655 438 2735 Quicumque
460 2656 567 2735 hymen
590 2655 736 2732 funestus,
757 2656 931 2718 inlaetabilis

167 2741 292 2801 lamenta
315 2742 418 2802 caedes
440 2741 615 2820 sauguinem
639 2743 765 2820 gemitus
787 2741 873 2802 habet

167 2834 212 2886 est
234 2826 353 2906 auspice
376 2824 487 2887 Helena
509 2826 626 2904 diguus.
672 2826 780 2887 eversis
802 2844 921 2905 quoque

167 2929 275 2971 nocere
297 2929 387 2990 cogor
408 2911 588 2990 Phrygibus:
621 2929 675 2990 ego
697 2910 803 2992 Pyrrhi
826 2921 908 2973 toros

254 3146 301 3197 837
324 3145 435 3197 latusll
504 3147 553 3198 839
577 3144 687 3197 Echiuae
705 3146 728 3195 A
747 3144 878 3206 (echidnae
896 3145 924 3210 ς)
994 3146 1043 3197 840
1067 3142 1196 3196 Geuoessa
1214 3144 1239 3194 A

167 3215 216 3265 841
229 3211 364 3265 formidant
374 3214 398 3264 A
409 3213 529 3279 (Enispae
538 3213 649 3276 Aldina)
719 3216 768 3266 842
781 3214 931 3281 pepharetos
944 3213 968 3263 lt*
1038 3214 1086 3265 843
1104 3211 1202 3264 Eleusis
1215 3212 1239 3262 A

168 3284 218 3334 844
235 3279 362 3332 Salamiua
381 3282 462 3333 visam
479 3281 651 3331 Romaanus
668 3285 741 3332 mise.
760 3285 813 3334 ode.
832 3283 847 3332 I
861 3298 888 3348 p.
898 3281 939 3333 71.
967 3283 1070 3332 conieci
1087 3280 1112 3332 S.
1131 3279 1238 3332 habebo.

167 3349 334 3400 intercidisse
343 3355 406 3400 ante
416 3366 441 3401 o.
452 3349 503 3402 844
514 3349 567 3399 tale
579 3347 699 3413 aliquid:
719 3351 813 3417 [quove
824 3350 934 3402 iactatae
945 3349 1037 3417 pelago
1055 3348 1163 3400 feremur
1178 3348 1182 3415 Ι
1197 3363 1240 3399 ex·

167 3416 240 3469 ales?
253 3415 285 3468 ad
298 3430 363 3484 quae
374 3417 440 3481 loca,
453 3431 517 3484 quas
530 3415 562 3468 ad
574 3417 677 3479 urbest]
702 3418 824 3483 Scaliger
836 3422 951 3469 coniecit
962 3421 1009 3484 qui
1020 3433 1044 3469 o.
1053 3418 1105 3471 844
1116 3419 1239 3482 scripsit:

166 3499 253 3537 veram
323 3488 372 3538 845
391 3500 423 3537 an
442 3485 532 3550 nerag
605 3488 654 3538 848
673 3501 779 3552 scarpen
813 3486 954 3554 phylonan.
971 3485 1076 3537 seliueu.
1095 3484 1120 3534 Ε
1189 3487 1238 3537 849

165 3553 314 3671 ἰίῖευεΕςμ-
325 3553 438 3671 corolrlris:
456 3553 465 3602 i
483 3553 652 3670 0201de
676 3636 678 3638 V
704 3557 751 3606 851
772 3554 894 3637 tristesljl
946 3557 995 3606 856
1014 3552 1123 3670 breyiteg
1137 3552 1239 3670 zachiyla-

165 3636 267 3741 Psoubai
289 3620 1240 3756 n087i9odili¹tliemutossiiniiibziiidiiimiiabtzeteie'isiieifoligcceieorainiiciai

165 3773 278 3808 senense
294 3757 349 3819 fine
359 3758 502 3824 Pyrrhum,
521 3756 555 3818 of.
566 3756 682 3821 tca-
694 3761 740 3811 861
762 3759 887 3817 adfertur
905 3761 934 3809 in
953 3763 1070 3809 tractatu
1088 3757 1120 3806 de
1138 3757 1239 3806 ultimis

71 3879 75 3885 ,
166 3825 277 3893 syllabis
295 3826 380 3876 Proto
405 3831 501 3875 temere
525 3828 643 3890 ascripto
664 3825 705 3877 IV
724 3842 750 3892 p.
769 3826 832 3891 224,
856 3826 890 3879 22
908 3826 936 3878 K.
960 3825 1076 3891 t‘Seneca
1094 3825 1120 3874 in
1139 3824 1238 3876 llecuba

166 3894 270 3957 [aecuba
290 3894 374 3959 eod.]:
400 3893 466 3959 quic.
482 3922 503 3931 -
521 3892 627 3958 iulaet')
662 3896 710 3944 ubi
732 3910 791 3945 eom
814 3898 887 3946 testis
910 3895 1069 3946 adhibeatur
1091 3893 1240 3960 productae

165 3965 238 4012 vocis
256 3960 350 4030 hymen
368 3961 492 4027 ultimae,
515 3977 548 4011 ne
571 3964 630 4026 qais
652 3965 860 4027 grammaticum
878 3962 986 4016 infestus
1004 3963 1046 4014 oet
1061 3962 1187 4014 infaustus
1206 3962 1242 4012 le-

163 4032 236 4095 gisse
254 4034 379 4097 opinetur
397 4034 505 4080 cautum
523 4030 645 4081 volamus
