2658 4488
162 214 225 278 aba
508 266 516 285 ,
545 234 572 275 c.
595 233 698 275 anunm
719 233 844 275 sennem

161 384 211 446 bic
233 393 303 445 sunt
324 393 486 464 eruntque3
510 383 592 445 nulla
614 402 682 464 pars
704 383 796 464 prolis
818 395 885 446 tuae

161 469 215 530 tibi
238 468 437 531 subtrahetur.
482 486 550 529 ora:
574 487 648 549 quae
672 479 793 549 exoptas
814 470 890 530 dabo

42 580 45 588 ·
161 564 316 634 totumque
337 553 424 615 turba
445 553 503 615 iarn
525 571 576 615 sua
598 553 729 635 implebo
754 564 875 634 patrem.

162 638 322 713 satiaberis,
345 658 383 700 ne
405 647 512 700 metue.
558 657 639 700 nunc
660 638 743 700 mixti
764 639 839 700 meis

161 724 290 785 iucunda
312 741 431 785 mensae
453 742 533 786 sacra
555 722 692 785 iuvenilis
714 724 831 799 colunt3

162 809 213 870 sed
235 809 396 870 accientur.
454 808 594 890 poculum
616 809 716 870 inluso
738 827 810 889 cape

162 894 272 973 gentile
293 894 419 956 baccho.
462 913 526 955 rar.
571 894 662 974 Capio
685 895 829 955 fraternae
852 896 935 976 dapis

162 979 284 1041 donum.
327 979 459 1060 paternis
480 980 547 1040 rina
568 978 698 1040 libentur
719 980 791 1052 deis,

161 1076 235 1126 tunc
256 1064 439 1127 hauriantur.
497 1065 549 1125 sed
571 1064 641 1144 quid
663 1061 743 1125 boo?
773 1063 879 1126 nolunt
900 1084 1005 1127 manus

162 1168 277 1231 parere,
300 1148 406 1211 crescit
428 1150 546 1229 pondus
568 1160 597 1210 et
619 1149 748 1211 dextram
771 1160 886 1228 gravat3

163 1235 298 1295 admotus
319 1234 392 1314 ipsis
413 1233 546 1295 Bacchus
567 1253 584 1295 a
605 1233 694 1295 labris
717 1235 792 1313 lugit

162 1319 299 1399 circaque
320 1319 413 1380 rictus
434 1337 486 1380 ore
508 1319 635 1399 decepto
655 1320 720 1380 iluit

164 1413 193 1465 et
215 1405 279 1486 ipsa
301 1404 416 1485 trepido
438 1422 540 1465 mensa
562 1403 701 1465 subsiluit
722 1404 796 1465 solo.

161 1489 208 1550 rix
230 1490 309 1551 lucet
330 1489 422 1568 ignis;
446 1490 509 1569 ipse
531 1489 603 1570 quin
626 1492 728 1552 aether
747 1490 842 1568 gravis

161 1575 240 1636 inter
261 1574 339 1636 diem
360 1583 537 1654 noctemque
558 1575 691 1636 desertus
712 1583 820 1655 stupet.

164 1659 234 1740 quid
256 1657 337 1721 boc?
365 1660 459 1739 magis
480 1658 631 1740 magisque
654 1660 791 1721 concussi
813 1659 913 1721 labant

164 1763 292 1807 convexa
313 1744 404 1819 caeli3
427 1744 552 1825 spissior
572 1745 672 1806 densis
693 1745 754 1806 coit

163 1830 257 1909 caligo
281 1829 411 1891 tenebris
433 1847 552 1910 noxque
573 1849 605 1891 se
626 1830 657 1891 in
680 1839 799 1891 noctem
820 1830 945 1904 addidit3
1005 1873 1007 1879 .

163 1916 239 1994 fugit
260 1933 349 1976 omne
370 1914 461 1976 sidus.
506 1914 649 1995 quidquid
671 1925 725 1988 est,
747 1916 829 1977 fratri
851 1934 958 1995 preeor
1015 1932 1017 1941 ¹

163 2000 299 2080 natisque
320 2009 431 2080 parcat,
454 2001 551 2060 omnis
572 1999 603 2061 in
626 2000 682 2061 vile
704 2002 761 2062 boc
783 2011 873 2081 caput

163 2085 248 2147 abeat
269 2084 408 2166 procella.
466 2084 556 2146 redde
579 2085 637 2146 iam
659 2096 746 2147 notos
768 2085 856 2146 mibil

163 2189 228 2232 ira.
271 2169 412 2242 Reddam,
435 2178 463 2231 et
485 2169 539 2230 tibi
562 2169 629 2231 illos
651 2170 751 2232 nullus
774 2170 879 2251 eripiet
900 2170 973 2232 dies

164 2269 246 2316 rur:
272 2254 344 2325 Quis
365 2255 415 2316 hic
436 2255 580 2316 tumultus
602 2255 713 2317 viscera
735 2257 861 2334 exagitat
881 2254 968 2317 mea?

164 2341 235 2420 quid
256 2340 378 2401 tremuit
398 2337 501 2401 intus?
529 2340 625 2401 sentio
647 2341 803 2421 impatiens
825 2359 902 2403 onus

164 2442 322 2506 meumque
343 2426 453 2502 gemitu
476 2443 537 2487 nou
559 2443 626 2486 meo
648 2434 753 2506 pectus
773 2426 874 2504 gemit
990 2468 993 2473 -

164 2511 272 2585 adeste,
294 2511 365 2585 nati,
388 2510 506 2588 genitor
526 2509 628 2571 infelix
649 2520 742 2584 vocat,

164 2597 271 2658 adeste.
315 2596 385 2656 risis
407 2595 500 2675 lugiet
521 2595 570 2656 bic
591 2596 675 2657 robis
696 2596 781 2657 dolor
803 2624 845 2641 -ι-

164 2681 243 2743 unde
266 2678 467 2742 oblocunturl
509 2700 574 2741 ern.
617 2681 730 2762 Expedi
751 2681 904 2760 amplexus
924 2689 1023 2762 pater:

164 2785 279 2828 venere.
323 2773 409 2827 natos
430 2765 536 2845 ecquid
557 2766 695 2845 agnoscis
716 2762 827 2845 tnosl

164 2871 228 2913 rnr.
272 2852 409 2929 Agnosco
431 2850 560 2912 fratrem.
618 2852 747 2917 sustines
767 2860 884 2911 tanturn
903 2851 988 2913 nolas

164 2945 288 3016 gestare,
310 2933 433 2997 Tellus?
461 2955 524 2997 non
545 2936 582 2998 ad
603 2937 751 2998 infernam
773 2935 861 3014 Styga

164 3021 362 3102 tenebrasque
384 3021 493 3101 mergis
513 3031 600 3102 rupta
623 3033 652 3083 et
674 3021 788 3101 ingenti
809 3021 854 3080 ria

164 3107 201 3167 ad
222 3107 312 3168 cbaos
334 3106 423 3167 inane
445 3124 535 3186 regna
558 3124 625 3167 cum
647 3125 719 3186 rege
740 3102 873 3185 abripis?

164 3210 226 3253 non
247 3199 310 3252 tota
332 3190 368 3252 ab
390 3191 450 3252 imo
472 3199 548 3252 tecta
569 3192 739 3253 convellens
761 3192 825 3252 solo

163 3277 252 3338 vertis
273 3273 431 3355 Mycenas?
459 3285 537 3337 stare
559 3277 637 3337 circa
658 3276 813 3337 Tantalum

164 3370 290 3442 uterque
312 3361 369 3422 iam
391 3361 560 3422 debuimus:
584 3361 653 3422 bino
676 3361 868 3442 compagibus

165 3456 195 3508 et
216 3447 287 3508 binc
309 3445 442 3520 revulsis,
464 3445 488 3507 si
512 3445 581 3526 quid
604 3447 678 3508 inira
701 3446 821 3507 Tartara
841 3454 888 3527 est
960 3457 966 3469 ·

101 3648 103 3653 ’
250 3633 300 3683 978
318 3630 380 3683 bora
397 3630 815 3696 E.—qnse:qerg1m.E
866 3630 914 3680 981
935 3627 1057 3690 colant&
1116 3629 1167 3681 985
1185 3643 1241 3680 nou

164 3701 220 3752 velt
237 3713 327 3751 manus
344 3702 370 3750 A
438 3699 488 3751 988
506 3697 588 3749 effluit
604 3699 630 3748 A
698 3700 748 3750 994
764 3696 863 3748 abdidit
879 3697 929 3747 ΕΑ
947 3699 1070 3747 emerit
1086 3695 1241 3748 &marim

164 3772 239 3832 (item
255 3772 285 3832 ς)
353 3766 482 3834 seuquid
500 3766 526 3816 E
578 3767 642 3818 1003
660 3766 742 3832 fugiat
758 3766 784 3816 Ε
844 3767 908 3817 tots
928 3768 954 3816 et
970 3763 1031 3830 arsid
1047 3765 1075 3815 Ε
1126 3766 1241 3818 189810

164 3850 262 3900 uosqee
280 3835 374 3899 mergis
392 3835 467 3885 codd.
480 3836 603 3885 correoeit
618 3835 649 3884 B.
662 3833 826 3885 Sctmtdtrm
843 3835 942 3884 adsero.
956 3832 1013 3897 μθ
1066 3836 1241 3886 idib-idid

164 3904 203 3950 rie
222 3903 344 3951 barbarait
357 3903 397 3952 A:
421 3908 488 3953 stare
512 3916 535 3952 c.
559 3900 589 3953 Τ.
605 3903 609 3964 Ι
625 3915 739 3968 avosque
763 3906 878 3965 nostros,
902 3901 924 3952 si
947 3899 1006 3966 quis
1028 3899 1115 3952 intra
1139 3900 1169 3952 Τ.
1193 3904 1236 3953 eet

164 3972 366 4033 merop-comp.
382 3970 387 4034 Ι
402 3974 428 4019 et
446 3970 472 4020 b.
491 3983 546 4020 rev.
564 3970 614 4019 buc
632 3973 701 4019 tuam
720 3970 737 4023 i.
755 3986 776 4021 s.
