2648 4478
372 266 410 308 pp
432 266 624 310 ppcmsppms
647 265 825 309 inmosspus.
1097 253 1136 312 15

61 431 132 493 quae
158 434 194 477 ex
215 415 354 480 Melisseo
377 417 497 497 Lipsius
520 418 657 493 enotavit,
680 435 713 478 ea
736 416 834 479 omnia
856 417 886 479 in
909 415 978 478 MN
998 417 1139 496 leguntur

62 507 178 578 praeter
198 519 225 562 v.
241 502 304 565 249
325 505 396 580 (nisi
409 504 465 565 duo
483 501 551 563 Mel.
574 503 709 564 insidioso
729 501 760 561 N
764 501 801 562 M
811 520 837 562 v.
853 501 872 562 i.
895 503 1018 564 insidivo
1040 501 1085 577 M)
1108 511 1138 564 et

62 585 119 647 269
141 585 160 665 (
157 587 332 665 perdidit—
336 586 493 666 prodidit).
536 594 687 666 praeterea
709 605 735 646 v.
752 588 813 651 853
831 587 847 667 (
847 587 1012 649 abstrahere
1031 593 1139 650 nostris

64 675 208 750 ωπήιροηι
223 690 322 733 caram
337 672 425 750 toris)
440 677 587 751 coniupem
602 681 712 734 tantam
727 671 758 732 in
773 671 907 733 Melisseo
923 679 952 733 et
968 672 1010 744 M,
1030 692 1053 735 c.
1072 675 1139 751 sata

64 752 92 813 in
106 755 137 814 N
151 755 269 835 iegitur.
306 756 482 836 interpolata
503 764 574 817 sunt
589 774 615 816 v.
632 758 670 820 37
689 774 748 818 uno
767 755 881 818 latentis
897 755 965 835 ΜΝ
978 760 1047 835 (om.
1062 757 1139 833 sub),

64 854 88 898 v.
103 840 168 903 376
183 844 358 903 animam-
365 842 445 920 fudit
460 840 586 920 (reddit)
602 847 631 903 et
645 841 769 903 fortasse
784 840 848 901 alia.

156 924 254 1004 itaque
274 927 306 987 in
327 926 460 987 futurum
483 944 603 1005 quoque
614 925 736 987 unicum
757 925 941 987 recensionis
964 926 1138 988 fundamen·

65 1016 126 1070 tum
144 1009 288 1072 Etruscus
308 1009 475 1083 habebitur,
497 1010 547 1071 cui
564 1009 676 1089 ubique
691 1009 883 1090 interpolatae
897 1009 1035 1071 editionis
1049 1009 1138 1072 lectio

67 1094 228 1157 adhibenda
249 1104 357 1172 estet,
380 1095 405 1156 si
427 1094 546 1174 quando
566 1096 661 1174 prima
682 1095 800 1157 Etrusci
820 1113 926 1157 manus
947 1095 1052 1174 periit,
1074 1095 1142 1156 eius

67 1180 265 1259 apographum
283 1180 478 1242 Ambrosiano
499 1180 600 1241 codice
621 1189 651 1242 et
668 1179 807 1243 Vaticano
822 1180 901 1242 inter
915 1200 947 1243 se
962 1179 1139 1261 comparatis

68 1265 241 1328 restitutum.
269 1265 384 1345 reliqua
399 1264 595 1327 emendatoris
609 1273 689 1328 sunt.
