<?xml version="1.0" encoding="UTF-8"?>
<!DOCTYPE html PUBLIC "-//W3C//DTD XHTML 1.0 Transitional//EN"
    "http://www.w3.org/TR/xhtml1/DTD/xhtml1-transitional.dtd">
<html xmlns="http://www.w3.org/1999/xhtml" xml:lang="en" lang="en">
 <head>
  <title>
</title>
<meta http-equiv="Content-Type" content="text/html;charset=utf-8" />
  <meta name='ocr-system' content='tesseract 3.04.00' />
  <meta name='ocr-capabilities' content='ocr_page ocr_carea ocr_par ocr_line ocrx_word'/>
</head>
<body>
  <div class='ocr_page' id='page_1' title='image "./lannaeisenecaet00leogoog_0645.png"; bbox 0 0 2652 4486; ppageno 0'>
   <div class='ocr_carea' id='block_1_1' title="bbox 168 194 763 260">
    <p class='ocr_par' dir='ltr' id='par_1_1' title="bbox 168 194 763 260">
     <span class='ocr_line' id='line_1_1' title="bbox 168 194 763 260; baseline 0.005 -3"><span class='ocrx_word' id='word_1_1' title='bbox 168 194 230 258; x_wconf 83' lang='grc'>354</span> <span class='ocrx_word' id='word_1_2' title='bbox 645 216 763 260; x_wconf 80' lang='lat' dir='ltr'><strong>ocrrrm</strong></span> 
     </span>
    </p>
   </div>
   <div class='ocr_carea' id='block_1_2' title="bbox 145 364 1228 3091">
    <p class='ocr_par' dir='ltr' id='par_1_2' title="bbox 165 364 795 442">
     <span class='ocr_line' id='line_1_2' title="bbox 165 364 795 442; baseline 0.006 -15"><span class='ocrx_word' id='word_1_3' title='bbox 165 364 295 427; x_wconf 87' lang='lat' dir='ltr'><strong>blandita</strong></span> <span class='ocrx_word' id='word_1_4' title='bbox 316 365 409 442; x_wconf 84' lang='lat' dir='ltr'><strong>vultu,</strong></span> <span class='ocrx_word' id='word_1_5' title='bbox 433 377 512 428; x_wconf 88' lang='lat' dir='ltr'><strong>sorte</strong></span> <span class='ocrx_word' id='word_1_6' title='bbox 535 377 708 431; x_wconf 82' lang='lat' dir='ltr'><strong>contentum</strong></span> <span class='ocrx_word' id='word_1_7' title='bbox 730 387 795 431; x_wconf 88' lang='lat' dir='ltr'><strong>mea</strong></span> 
     </span>
    </p>

    <p class='ocr_par' dir='ltr' id='par_1_3' title="bbox 156 450 886 788">
     <span class='ocr_line' id='line_1_3' title="bbox 165 450 818 532; baseline 0.008 -21"><span class='ocrx_word' id='word_1_8' title='bbox 165 450 222 513; x_wconf 84' lang='lat' dir='ltr'><strong>alte</strong></span> <span class='ocrx_word' id='word_1_9' title='bbox 246 450 384 524; x_wconf 77' lang='lat' dir='ltr'><strong>extulisti,</strong></span> <span class='ocrx_word' id='word_1_10' title='bbox 408 452 524 532; x_wconf 81' lang='lat' dir='ltr'><strong>gravius</strong></span> <span class='ocrx_word' id='word_1_11' title='bbox 547 462 579 514; x_wconf 92' lang='lat' dir='ltr'><strong>ut</strong></span> <span class='ocrx_word' id='word_1_12' title='bbox 602 471 718 516; x_wconf 89' lang='lat' dir='ltr'><strong>ruerem</strong></span> <span class='ocrx_word' id='word_1_13' title='bbox 742 454 818 516; x_wconf 89' lang='lat' dir='ltr'><strong>edita</strong></span> 
     </span>
     <span class='ocr_line' id='line_1_4' title="bbox 166 537 886 619; baseline 0.004 -22"><span class='ocrx_word' id='word_1_14' title='bbox 166 547 303 616; x_wconf 85' lang='lat' dir='ltr'><strong>receptus</strong></span> <span class='ocrx_word' id='word_1_15' title='bbox 325 554 392 598; x_wconf 89' lang='lat' dir='ltr'><strong>aree</strong></span> <span class='ocrx_word' id='word_1_16' title='bbox 413 544 517 617; x_wconf 91' lang='lat' dir='ltr'><strong>totque</strong></span> <span class='ocrx_word' id='word_1_17' title='bbox 543 538 745 619; x_wconf 81' lang='lat' dir='ltr'>prospicerem</span> <span class='ocrx_word' id='word_1_18' title='bbox 768 537 886 603; x_wconf 79' lang='lat' dir='ltr'><strong>metus?</strong></span> 
     </span>
     <span class='ocr_line' id='line_1_5' title="bbox 164 621 859 702; baseline 0.006 -20"><span class='ocrx_word' id='word_1_19' title='bbox 164 622 270 684; x_wconf 87' lang='lat' dir='ltr'><strong>melius</strong></span> <span class='ocrx_word' id='word_1_20' title='bbox 292 621 418 684; x_wconf 80' lang='lat' dir='ltr'><strong>latebam</strong></span> <span class='ocrx_word' id='word_1_21' title='bbox 440 622 547 702; x_wconf 83' lang='lat' dir='ltr'><strong>prorui</strong></span> <span class='ocrx_word' id='word_1_22' title='bbox 569 623 605 684; x_wconf 88' lang='lat' dir='ltr'><strong>ab</strong></span> <span class='ocrx_word' id='word_1_23' title='bbox 628 624 753 687; x_wconf 88' lang='lat' dir='ltr'><strong>invidiae</strong></span> <span class='ocrx_word' id='word_1_24' title='bbox 774 625 859 688; x_wconf 86' lang='lat' dir='ltr'><strong>malis</strong></span> 
     </span>
     <span class='ocr_line' id='line_1_6' title="bbox 156 706 762 788; baseline 0.008 -22"><span class='ocrx_word' id='word_1_25' title='bbox 156 708 296 769; x_wconf 77' lang='lat' dir='ltr'><strong>&#39;remotus</strong></span> <span class='ocrx_word' id='word_1_26' title='bbox 317 707 395 769; x_wconf 89' lang='lat' dir='ltr'><strong>inter</strong></span> <span class='ocrx_word' id='word_1_27' title='bbox 418 706 529 770; x_wconf 77' lang='lat' dir='ltr'><strong>Corsici</strong></span> <span class='ocrx_word' id='word_1_28' title='bbox 551 727 643 788; x_wconf 89' lang='lat' dir='ltr'><strong>rupes</strong></span> <span class='ocrx_word' id='word_1_29' title='bbox 665 708 762 784; x_wconf 82' lang='lat' dir='ltr'><strong>maris,</strong></span> 
     </span>
    </p>

    <p class='ocr_par' dir='ltr' id='par_1_4' title="bbox 164 792 760 856">
     <span class='ocr_line' id='line_1_7' title="bbox 164 792 760 856; baseline 0.003 -2"><span class='ocrx_word' id='word_1_30' title='bbox 164 792 214 854; x_wconf 91' lang='lat' dir='ltr'><strong>ubi</strong></span> <span class='ocrx_word' id='word_1_31' title='bbox 236 792 312 854; x_wconf 88' lang='lat' dir='ltr'><strong>liber</strong></span> <span class='ocrx_word' id='word_1_32' title='bbox 333 792 449 855; x_wconf 86' lang='lat' dir='ltr'><strong>animus</strong></span> <span class='ocrx_word' id='word_1_33' title='bbox 471 802 502 855; x_wconf 89' lang='lat' dir='ltr'><strong>et</strong></span> <span class='ocrx_word' id='word_1_34' title='bbox 524 793 570 854; x_wconf 89' lang='lat' dir='ltr'><strong>sui</strong></span> <span class='ocrx_word' id='word_1_35' title='bbox 592 793 666 856; x_wconf 89' lang='lat' dir='ltr'><strong>iuris</strong></span> <span class='ocrx_word' id='word_1_36' title='bbox 687 794 760 856; x_wconf 87' lang='lat' dir='ltr'><strong>mihi</strong></span> 
     </span>
    </p>

    <p class='ocr_par' dir='ltr' id='par_1_5' title="bbox 162 877 798 958">
     <span class='ocr_line' id='line_1_8' title="bbox 162 877 798 958; baseline 0.005 -19"><span class='ocrx_word' id='word_1_37' title='bbox 162 896 280 958; x_wconf 92' lang='lat' dir='ltr'><strong>semper</strong></span> <span class='ocrx_word' id='word_1_38' title='bbox 300 877 419 941; x_wconf 84' lang='lat' dir='ltr'><strong>vaoabat</strong></span> <span class='ocrx_word' id='word_1_39' title='bbox 441 878 536 941; x_wconf 90' lang='lat' dir='ltr'><strong>studia</strong></span> <span class='ocrx_word' id='word_1_40' title='bbox 559 879 702 941; x_wconf 89' lang='lat' dir='ltr'><strong>reoolenti</strong></span> <span class='ocrx_word' id='word_1_41' title='bbox 724 898 798 942; x_wconf 86' lang='lat' dir='ltr'><strong>mea.</strong></span> 
     </span>
    </p>

    <p class='ocr_par' dir='ltr' id='par_1_6' title="bbox 158 962 948 1385">
     <span class='ocr_line' id='line_1_9' title="bbox 162 962 866 1045; baseline 0.006 -22"><span class='ocrx_word' id='word_1_42' title='bbox 162 983 179 1023; x_wconf 94' lang='lat' dir='ltr'><strong>o</strong></span> <span class='ocrx_word' id='word_1_43' title='bbox 202 982 291 1044; x_wconf 82' lang='lat' dir='ltr'><strong>quam</strong></span> <span class='ocrx_word' id='word_1_44' title='bbox 313 962 439 1039; x_wconf 81' lang='lat' dir='ltr'><strong>iuvabat,</strong></span> <span class='ocrx_word' id='word_1_45' title='bbox 461 981 522 1042; x_wconf 89' lang='lat' dir='ltr'><strong>quo</strong></span> <span class='ocrx_word' id='word_1_46' title='bbox 545 962 618 1026; x_wconf 82' lang='lat' dir='ltr'>nihil</span> <span class='ocrx_word' id='word_1_47' title='bbox 640 965 735 1027; x_wconf 81' lang='lat' dir='ltr'><strong>maius</strong></span> <span class='ocrx_word' id='word_1_48' title='bbox 756 984 866 1045; x_wconf 91' lang='lat' dir='ltr'><strong>parens</strong></span> 
     </span>
     <span class='ocr_line' id='line_1_10' title="bbox 161 1047 826 1129; baseline 0.006 -20"><span class='ocrx_word' id='word_1_49' title='bbox 161 1048 271 1111; x_wconf 91' lang='lat' dir='ltr'><strong>Natura</strong></span> <span class='ocrx_word' id='word_1_50' title='bbox 294 1048 407 1128; x_wconf 79' lang='lat' dir='ltr'><strong>genuit,</strong></span> <span class='ocrx_word' id='word_1_51' title='bbox 430 1047 530 1129; x_wconf 89' lang='lat' dir='ltr'><strong>operis</strong></span> <span class='ocrx_word' id='word_1_52' title='bbox 552 1048 692 1113; x_wconf 81' lang='lat' dir='ltr'>immensi</span> <span class='ocrx_word' id='word_1_53' title='bbox 712 1051 826 1126; x_wconf 79' lang='lat' dir='ltr'><strong>artifex,</strong></span> 
     </span>
     <span class='ocr_line' id='line_1_11' title="bbox 161 1132 763 1208; baseline 0.002 -11"><span class='ocrx_word' id='word_1_54' title='bbox 161 1134 274 1198; x_wconf 86' lang='lat' dir='ltr'><strong>eaelum</strong></span> <span class='ocrx_word' id='word_1_55' title='bbox 296 1132 417 1208; x_wconf 84' lang='lat' dir='ltr'><strong>intueri,</strong></span> <span class='ocrx_word' id='word_1_56' title='bbox 440 1133 512 1195; x_wconf 81' lang='lat' dir='ltr'><strong>sotis</strong></span> <span class='ocrx_word' id='word_1_57' title='bbox 534 1132 662 1197; x_wconf 83' lang='lat' dir='ltr'><strong>alternas</strong></span> <span class='ocrx_word' id='word_1_58' title='bbox 685 1134 763 1198; x_wconf 88' lang='lat' dir='ltr'><strong>riees</strong></span> 
     </span>
     <span class='ocr_line' id='line_1_12' title="bbox 159 1217 948 1302; baseline 0.001 -20"><span class='ocrx_word' id='word_1_59' title='bbox 159 1219 322 1299; x_wconf 84' lang='lat' dir='ltr'><strong>orbemque</strong></span> <span class='ocrx_word' id='word_1_60' title='bbox 344 1217 489 1295; x_wconf 82' lang='lat' dir='ltr'><strong>Phoebes,</strong></span> <span class='ocrx_word' id='word_1_61' title='bbox 511 1229 587 1281; x_wconf 90' lang='lat' dir='ltr'><strong>astra</strong></span> <span class='ocrx_word' id='word_1_62' title='bbox 610 1239 699 1300; x_wconf 89' lang='lat' dir='ltr'><strong>quem</strong></span> <span class='ocrx_word' id='word_1_63' title='bbox 721 1221 845 1301; x_wconf 80' lang='lat' dir='ltr'><strong>cingunt</strong></span> <span class='ocrx_word' id='word_1_64' title='bbox 867 1240 948 1302; x_wconf 79' lang='lat' dir='ltr'><strong>vaga,</strong></span> 
     </span>
     <span class='ocr_line' id='line_1_13' title="bbox 158 1303 814 1385; baseline 0.002 -17"><span class='ocrx_word' id='word_1_65' title='bbox 158 1306 276 1385; x_wconf 89' lang='lat' dir='ltr'><strong>lateque</strong></span> <span class='ocrx_word' id='word_1_66' title='bbox 297 1303 415 1384; x_wconf 80' lang='lat' dir='ltr'><strong>fulgens</strong></span> <span class='ocrx_word' id='word_1_67' title='bbox 437 1304 565 1366; x_wconf 91' lang='lat' dir='ltr'><strong>aetheris</strong></span> <span class='ocrx_word' id='word_1_68' title='bbox 587 1306 685 1384; x_wconf 82' lang='lat' dir='ltr'><strong>magni</strong></span> <span class='ocrx_word' id='word_1_69' title='bbox 707 1306 814 1382; x_wconf 88' lang='lat' dir='ltr'><strong>deous;</strong></span> 
     </span>
    </p>

    <p class='ocr_par' dir='ltr' id='par_1_7' title="bbox 155 1388 969 1899">
     <span class='ocr_line' id='line_1_14' title="bbox 159 1388 853 1471; baseline 0.004 -20"><span class='ocrx_word' id='word_1_70' title='bbox 159 1390 209 1471; x_wconf 91' lang='lat' dir='ltr'><strong>qui</strong></span> <span class='ocrx_word' id='word_1_71' title='bbox 233 1390 258 1450; x_wconf 89' lang='lat' dir='ltr'><strong>si</strong></span> <span class='ocrx_word' id='word_1_72' title='bbox 281 1388 419 1466; x_wconf 82' lang='lat' dir='ltr'><strong>senescit,</strong></span> <span class='ocrx_word' id='word_1_73' title='bbox 442 1398 543 1451; x_wconf 88' lang='lat' dir='ltr'><strong>tantus</strong></span> <span class='ocrx_word' id='word_1_74' title='bbox 564 1389 595 1451; x_wconf 92' lang='lat' dir='ltr'><strong>in</strong></span> <span class='ocrx_word' id='word_1_75' title='bbox 619 1409 739 1454; x_wconf 87' lang='lat' dir='ltr'><strong>eaerum</strong></span> <span class='ocrx_word' id='word_1_76' title='bbox 762 1391 853 1454; x_wconf 88' lang='lat' dir='ltr'><strong>ohaos</strong></span> 
     </span>
     <span class='ocr_line' id='line_1_15' title="bbox 158 1475 969 1553; baseline 0 -15"><span class='ocrx_word' id='word_1_77' title='bbox 158 1493 281 1538; x_wconf 85' lang='lat' dir='ltr'><strong>rasurus</strong></span> <span class='ocrx_word' id='word_1_78' title='bbox 304 1475 412 1537; x_wconf 92' lang='lat' dir='ltr'><strong>iterum</strong></span> <span class='ocrx_word' id='word_1_79' title='bbox 435 1485 481 1537; x_wconf 86' lang='lat' dir='ltr'><strong>ost</strong></span> <span class='ocrx_word' id='word_1_80' title='bbox 504 1508 542 1520; x_wconf 94' lang='lat'>—</span> <span class='ocrx_word' id='word_1_81' title='bbox 566 1494 649 1539; x_wconf 88' lang='lat' dir='ltr'><strong>nuno</strong></span> <span class='ocrx_word' id='word_1_82' title='bbox 671 1477 739 1539; x_wconf 93' lang='lat' dir='ltr'><strong>ades</strong></span> <span class='ocrx_word' id='word_1_83' title='bbox 761 1477 884 1553; x_wconf 86' lang='lat' dir='ltr'><strong>mundo,</strong></span> <span class='ocrx_word' id='word_1_84' title='bbox 908 1478 969 1539; x_wconf 89' lang='lat' dir='ltr'><strong>dies</strong></span> 
     </span>
     <span class='ocr_line' id='line_1_16' title="bbox 157 1559 877 1643; baseline 0.003 -21"><span class='ocrx_word' id='word_1_85' title='bbox 157 1579 316 1642; x_wconf 89' lang='lat' dir='ltr'><strong>supremus</strong></span> <span class='ocrx_word' id='word_1_86' title='bbox 337 1560 399 1635; x_wconf 84' lang='lat' dir='ltr'><strong>tlte,</strong></span> <span class='ocrx_word' id='word_1_87' title='bbox 420 1559 471 1640; x_wconf 84' lang='lat' dir='ltr'><strong>qui</strong></span> <span class='ocrx_word' id='word_1_88' title='bbox 495 1578 612 1641; x_wconf 89' lang='lat' dir='ltr'><strong>premas</strong></span> <span class='ocrx_word' id='word_1_89' title='bbox 635 1580 730 1641; x_wconf 83' lang='lat' dir='ltr'><strong>genus</strong></span> <span class='ocrx_word' id='word_1_90' title='bbox 752 1562 877 1643; x_wconf 89' lang='lat' dir='ltr'><strong>impium</strong></span> 
     </span>
     <span class='ocr_line' id='line_1_17' title="bbox 156 1646 803 1726; baseline 0 -17"><span class='ocrx_word' id='word_1_91' title='bbox 156 1647 227 1709; x_wconf 85' lang='lat' dir='ltr'><strong>caeli</strong></span> <span class='ocrx_word' id='word_1_92' title='bbox 250 1646 346 1722; x_wconf 87' lang='lat' dir='ltr'><strong>ruina,</strong></span> <span class='ocrx_word' id='word_1_93' title='bbox 369 1663 475 1708; x_wconf 87' lang='lat' dir='ltr'><strong>rursus</strong></span> <span class='ocrx_word' id='word_1_94' title='bbox 497 1655 531 1707; x_wconf 89' lang='lat' dir='ltr'><strong>ut</strong></span> <span class='ocrx_word' id='word_1_95' title='bbox 552 1647 675 1726; x_wconf 82' lang='lat' dir='ltr'><strong>stirpem</strong></span> <span class='ocrx_word' id='word_1_96' title='bbox 699 1666 803 1709; x_wconf 90' lang='lat' dir='ltr'><strong>novam</strong></span> 
     </span>
     <span class='ocr_line' id='line_1_18' title="bbox 156 1731 917 1814; baseline 0 -20"><span class='ocrx_word' id='word_1_97' title='bbox 156 1742 278 1811; x_wconf 83' lang='lat' dir='ltr'><strong>generet</strong></span> <span class='ocrx_word' id='word_1_98' title='bbox 299 1749 462 1793; x_wconf 87' lang='lat' dir='ltr'><strong>renascens</strong></span> <span class='ocrx_word' id='word_1_99' title='bbox 484 1731 598 1807; x_wconf 85' lang='lat' dir='ltr'><strong>melior,</strong></span> <span class='ocrx_word' id='word_1_100' title='bbox 622 1741 655 1794; x_wconf 94' lang='lat' dir='ltr'><strong>ut</strong></span> <span class='ocrx_word' id='word_1_101' title='bbox 677 1733 826 1814; x_wconf 83' lang='lat' dir='ltr'><strong>quondam</strong></span> <span class='ocrx_word' id='word_1_102' title='bbox 849 1734 917 1795; x_wconf 90' lang='lat' dir='ltr'><strong>tulit</strong></span> 
     </span>
     <span class='ocr_line' id='line_1_19' title="bbox 155 1816 783 1899; baseline 0 -20"><span class='ocrx_word' id='word_1_103' title='bbox 155 1817 279 1893; x_wconf 83' lang='lat' dir='ltr'><strong>iuvenis,</strong></span> <span class='ocrx_word' id='word_1_104' title='bbox 302 1826 424 1879; x_wconf 90' lang='lat' dir='ltr'><strong>tenente</strong></span> <span class='ocrx_word' id='word_1_105' title='bbox 445 1834 536 1896; x_wconf 79' lang='lat' dir='ltr'><strong>regna</strong></span> <span class='ocrx_word' id='word_1_106' title='bbox 559 1816 688 1879; x_wconf 90' lang='lat' dir='ltr'><strong>Saturno</strong></span> <span class='ocrx_word' id='word_1_107' title='bbox 711 1817 783 1899; x_wconf 91' lang='lat' dir='ltr'><strong>poli.</strong></span> 
     </span>
    </p>

    <p class='ocr_par' dir='ltr' id='par_1_8' title="bbox 154 1901 775 1983">
     <span class='ocr_line' id='line_1_20' title="bbox 154 1901 775 1983; baseline 0 -19"><span class='ocrx_word' id='word_1_108' title='bbox 154 1913 227 1966; x_wconf 89' lang='lat' dir='ltr'><strong>tune</strong></span> <span class='ocrx_word' id='word_1_109' title='bbox 248 1901 298 1963; x_wconf 83' lang='lat' dir='ltr'><strong>itta</strong></span> <span class='ocrx_word' id='word_1_110' title='bbox 319 1902 412 1982; x_wconf 81' lang='lat' dir='ltr'><strong>virgo,</strong></span> <span class='ocrx_word' id='word_1_111' title='bbox 435 1901 567 1964; x_wconf 91' lang='lat' dir='ltr'><strong>numinis</strong></span> <span class='ocrx_word' id='word_1_112' title='bbox 590 1904 689 1983; x_wconf 80' lang='lat' dir='ltr'><strong>magni</strong></span> <span class='ocrx_word' id='word_1_113' title='bbox 712 1904 775 1981; x_wconf 88' lang='lat' dir='ltr'><strong>dea,</strong></span> 
     </span>
    </p>

    <p class='ocr_par' dir='ltr' id='par_1_9' title="bbox 152 1985 798 2062">
     <span class='ocr_line' id='line_1_21' title="bbox 152 1985 798 2062; baseline 0.003 -13"><span class='ocrx_word' id='word_1_114' title='bbox 152 1987 275 2062; x_wconf 82' lang='lat' dir='ltr'><strong>lustitia,</strong></span> <span class='ocrx_word' id='word_1_115' title='bbox 299 1985 378 2049; x_wconf 87' lang='lat' dir='ltr'><strong>eaelo</strong></span> <span class='ocrx_word' id='word_1_116' title='bbox 401 1987 490 2048; x_wconf 88' lang='lat' dir='ltr'><strong>missa</strong></span> <span class='ocrx_word' id='word_1_117' title='bbox 514 2005 580 2049; x_wconf 93' lang='lat' dir='ltr'><strong>oum</strong></span> <span class='ocrx_word' id='word_1_118' title='bbox 603 2001 703 2051; x_wconf 88' lang='lat' dir='ltr'><strong>saneta</strong></span> <span class='ocrx_word' id='word_1_119' title='bbox 726 1988 798 2051; x_wconf 89' lang='lat' dir='ltr'><strong>Fide</strong></span> 
     </span>
    </p>

    <p class='ocr_par' dir='ltr' id='par_1_10' title="bbox 152 2071 797 2152">
     <span class='ocr_line' id='line_1_22' title="bbox 152 2071 797 2152; baseline 0.002 -17"><span class='ocrx_word' id='word_1_120' title='bbox 152 2075 240 2136; x_wconf 91' lang='lat' dir='ltr'><strong>terris</strong></span> <span class='ocrx_word' id='word_1_121' title='bbox 263 2071 383 2150; x_wconf 77' lang='lat' dir='ltr'><strong>regebat</strong></span> <span class='ocrx_word' id='word_1_122' title='bbox 404 2071 484 2150; x_wconf 87' lang='lat' dir='ltr'><strong>mitis</strong></span> <span class='ocrx_word' id='word_1_123' title='bbox 506 2072 669 2135; x_wconf 90' lang='lat' dir='ltr'><strong>humanum</strong></span> <span class='ocrx_word' id='word_1_124' title='bbox 692 2091 797 2152; x_wconf 79' lang='lat' dir='ltr'><strong>genus</strong></span> 
     </span>
    </p>

    <p class='ocr_par' dir='ltr' id='par_1_11' title="bbox 150 2157 933 2489">
     <span class='ocr_line' id='line_1_23' title="bbox 152 2157 933 2236; baseline -0.001 -15"><span class='ocrx_word' id='word_1_125' title='bbox 152 2177 213 2221; x_wconf 91' lang='lat' dir='ltr'><strong>non</strong></span> <span class='ocrx_word' id='word_1_126' title='bbox 235 2157 312 2219; x_wconf 89' lang='lat' dir='ltr'><strong>bella</strong></span> <span class='ocrx_word' id='word_1_127' title='bbox 334 2166 451 2231; x_wconf 88' lang='lat' dir='ltr'><strong>norant,</strong></span> <span class='ocrx_word' id='word_1_128' title='bbox 473 2176 535 2219; x_wconf 92' lang='lat' dir='ltr'><strong>non</strong></span> <span class='ocrx_word' id='word_1_129' title='bbox 557 2158 645 2221; x_wconf 89' lang='lat' dir='ltr'><strong>tubae</strong></span> <span class='ocrx_word' id='word_1_130' title='bbox 667 2158 802 2220; x_wconf 81' lang='lat' dir='ltr'><strong>fremitus</strong></span> <span class='ocrx_word' id='word_1_131' title='bbox 823 2172 933 2236; x_wconf 82' lang='lat' dir='ltr'><strong>truces,</strong></span> 
     </span>
     <span class='ocr_line' id='line_1_24' title="bbox 152 2242 862 2323; baseline 0.003 -17"><span class='ocrx_word' id='word_1_132' title='bbox 152 2263 213 2306; x_wconf 91' lang='lat' dir='ltr'><strong>non</strong></span> <span class='ocrx_word' id='word_1_133' title='bbox 237 2261 317 2304; x_wconf 93' lang='lat' dir='ltr'><strong>arma</strong></span> <span class='ocrx_word' id='word_1_134' title='bbox 338 2254 452 2323; x_wconf 80' lang='lat' dir='ltr'><strong>gentes,</strong></span> <span class='ocrx_word' id='word_1_135' title='bbox 475 2242 596 2322; x_wconf 80' lang='lat' dir='ltr'><strong>cingere</strong></span> <span class='ocrx_word' id='word_1_136' title='bbox 617 2255 772 2307; x_wconf 84' lang='lat' dir='ltr'><strong>assuerant</strong></span> <span class='ocrx_word' id='word_1_137' title='bbox 793 2262 862 2307; x_wconf 88' lang='lat' dir='ltr'><strong>suas</strong></span> 
     </span>
     <span class='ocr_line' id='line_1_25' title="bbox 151 2327 836 2407; baseline 0.001 -16"><span class='ocrx_word' id='word_1_138' title='bbox 151 2329 245 2391; x_wconf 90' lang='lat' dir='ltr'><strong>muris</strong></span> <span class='ocrx_word' id='word_1_139' title='bbox 268 2347 324 2391; x_wconf 87' lang='lat' dir='ltr'><strong>nee</strong></span> <span class='ocrx_word' id='word_1_140' title='bbox 346 2327 452 2390; x_wconf 85' lang='lat' dir='ltr'><strong>urbes:</strong></span> <span class='ocrx_word' id='word_1_141' title='bbox 475 2329 610 2407; x_wconf 89' lang='lat' dir='ltr'><strong>pervium</strong></span> <span class='ocrx_word' id='word_1_142' title='bbox 633 2328 748 2391; x_wconf 83' lang='lat' dir='ltr'><strong>eunetis</strong></span> <span class='ocrx_word' id='word_1_143' title='bbox 771 2329 836 2405; x_wconf 88' lang='lat' dir='ltr'><strong>iter,</strong></span> 
     </span>
     <span class='ocr_line' id='line_1_26' title="bbox 150 2412 784 2489; baseline 0 -13"><span class='ocrx_word' id='word_1_144' title='bbox 150 2414 318 2476; x_wconf 86' lang='lat' dir='ltr'><strong>eommunis</strong></span> <span class='ocrx_word' id='word_1_145' title='bbox 340 2431 413 2475; x_wconf 92' lang='lat' dir='ltr'><strong>usus</strong></span> <span class='ocrx_word' id='word_1_146' title='bbox 435 2412 569 2475; x_wconf 90' lang='lat' dir='ltr'><strong>omnium</strong></span> <span class='ocrx_word' id='word_1_147' title='bbox 590 2432 690 2476; x_wconf 90' lang='lat' dir='ltr'><strong>rerum</strong></span> <span class='ocrx_word' id='word_1_148' title='bbox 711 2414 784 2489; x_wconf 81' lang='lat' dir='ltr'><strong>iuit3</strong></span> 
     </span>
    </p>

    <p class='ocr_par' dir='ltr' id='par_1_12' title="bbox 150 2498 758 2581">
     <span class='ocr_line' id='line_1_27' title="bbox 150 2498 758 2581; baseline -0.002 -19"><span class='ocrx_word' id='word_1_149' title='bbox 150 2511 180 2562; x_wconf 91' lang='lat' dir='ltr'><strong>et</strong></span> <span class='ocrx_word' id='word_1_150' title='bbox 202 2500 265 2581; x_wconf 89' lang='lat' dir='ltr'><strong>ipsa</strong></span> <span class='ocrx_word' id='word_1_151' title='bbox 287 2498 389 2560; x_wconf 81' lang='lat' dir='ltr'><strong>Tellus</strong></span> <span class='ocrx_word' id='word_1_152' title='bbox 411 2499 484 2560; x_wconf 89' lang='lat' dir='ltr'><strong>laeta</strong></span> <span class='ocrx_word' id='word_1_153' title='bbox 507 2499 651 2561; x_wconf 79' lang='lat' dir='ltr'><strong>fecundos</strong></span> <span class='ocrx_word' id='word_1_154' title='bbox 673 2499 758 2561; x_wconf 90' lang='lat' dir='ltr'><strong>sinus</strong></span> 
     </span>
    </p>

    <p class='ocr_par' dir='ltr' id='par_1_13' title="bbox 149 2583 792 2667">
     <span class='ocr_line' id='line_1_28' title="bbox 149 2583 792 2667; baseline -0.002 -20"><span class='ocrx_word' id='word_1_155' title='bbox 149 2585 294 2667; x_wconf 85' lang='lat' dir='ltr'><strong>pandebat</strong></span> <span class='ocrx_word' id='word_1_156' title='bbox 318 2583 407 2660; x_wconf 85' lang='lat' dir='ltr'><strong>ultro,</strong></span> <span class='ocrx_word' id='word_1_157' title='bbox 429 2592 488 2645; x_wconf 87' lang='lat' dir='ltr'><strong>tam</strong></span> <span class='ocrx_word' id='word_1_158' title='bbox 511 2584 569 2665; x_wconf 90' lang='lat' dir='ltr'><strong>piis</strong></span> <span class='ocrx_word' id='word_1_159' title='bbox 593 2584 662 2647; x_wconf 80' lang='lat' dir='ltr'><strong>felix</strong></span> <span class='ocrx_word' id='word_1_160' title='bbox 683 2602 792 2665; x_wconf 89' lang='lat' dir='ltr'><strong>parens</strong></span> 
     </span>
    </p>

    <p class='ocr_par' dir='ltr' id='par_1_14' title="bbox 149 2668 868 2836">
     <span class='ocr_line' id='line_1_29' title="bbox 149 2668 868 2745; baseline -0.004 -12"><span class='ocrx_word' id='word_1_161' title='bbox 149 2680 179 2733; x_wconf 86' lang='lat' dir='ltr'><strong>et</strong></span> <span class='ocrx_word' id='word_1_162' title='bbox 199 2681 261 2733; x_wconf 90' lang='lat' dir='ltr'><strong>tuta</strong></span> <span class='ocrx_word' id='word_1_163' title='bbox 283 2668 419 2731; x_wconf 84' lang='lat' dir='ltr'><strong>alumnis.</strong></span> <span class='ocrx_word' id='word_1_164' title='bbox 464 2669 519 2730; x_wconf 91' lang='lat' dir='ltr'><strong>alia</strong></span> <span class='ocrx_word' id='word_1_165' title='bbox 542 2669 593 2731; x_wconf 91' lang='lat' dir='ltr'><strong>sed</strong></span> <span class='ocrx_word' id='word_1_166' title='bbox 616 2670 746 2745; x_wconf 84' lang='lat' dir='ltr'><strong>suboles,</strong></span> <span class='ocrx_word' id='word_1_167' title='bbox 768 2670 868 2732; x_wconf 91' lang='lat' dir='ltr'><strong>minus</strong></span> 
     </span>
     <span class='ocr_line' id='line_1_30' title="bbox 152 2753 771 2836; baseline 0 -19"><span class='ocrx_word' id='word_1_168' title='bbox 152 2764 271 2836; x_wconf 80' lang='lat' dir='ltr'><strong>experta</strong></span> <span class='ocrx_word' id='word_1_169' title='bbox 292 2753 525 2829; x_wconf 81' lang='lat' dir='ltr'><strong>mitis‚¹tertium</strong></span> <span class='ocrx_word' id='word_1_170' title='bbox 547 2754 652 2817; x_wconf 90' lang='lat' dir='ltr'><strong>sollers</strong></span> <span class='ocrx_word' id='word_1_171' title='bbox 675 2773 771 2835; x_wconf 76' lang='lat' dir='ltr'><strong>genus</strong></span> 
     </span>
    </p>

    <p class='ocr_par' dir='ltr' id='par_1_15' title="bbox 152 2839 823 2916">
     <span class='ocr_line' id='line_1_31' title="bbox 152 2839 823 2916; baseline -0.001 -13"><span class='ocrx_word' id='word_1_172' title='bbox 152 2860 242 2903; x_wconf 88' lang='lat' dir='ltr'><strong>novos</strong></span> <span class='ocrx_word' id='word_1_173' title='bbox 264 2841 299 2902; x_wconf 91' lang='lat' dir='ltr'><strong>ad</strong></span> <span class='ocrx_word' id='word_1_174' title='bbox 321 2852 399 2902; x_wconf 90' lang='lat' dir='ltr'><strong>artes</strong></span> <span class='ocrx_word' id='word_1_175' title='bbox 422 2839 525 2916; x_wconf 80' lang='lat' dir='ltr'><strong>extitit,</strong></span> <span class='ocrx_word' id='word_1_176' title='bbox 549 2850 684 2902; x_wconf 85' lang='lat' dir='ltr'><strong>sanetum</strong></span> <span class='ocrx_word' id='word_1_177' title='bbox 709 2853 823 2916; x_wconf 90' lang='lat' dir='ltr'><strong>tamen;</strong></span> 
     </span>
    </p>

    <p class='ocr_par' dir='ltr' id='par_1_16' title="bbox 145 2925 1228 3091">
     <span class='ocr_line' id='line_1_32' title="bbox 147 2925 839 3006; baseline 0.001 -19"><span class='ocrx_word' id='word_1_178' title='bbox 147 2944 215 2988; x_wconf 79' lang='lat' dir='ltr'><strong>mox</strong></span> <span class='ocrx_word' id='word_1_179' title='bbox 237 2925 414 3006; x_wconf 86' lang='lat' dir='ltr'><strong>inquietum,</strong></span> <span class='ocrx_word' id='word_1_180' title='bbox 437 2925 518 3006; x_wconf 86' lang='lat' dir='ltr'><strong>quod</strong></span> <span class='ocrx_word' id='word_1_181' title='bbox 540 2926 626 3006; x_wconf 90' lang='lat' dir='ltr'><strong>sequi</strong></span> <span class='ocrx_word' id='word_1_182' title='bbox 648 2945 737 2988; x_wconf 87' lang='lat' dir='ltr'><strong>eursu</strong></span> <span class='ocrx_word' id='word_1_183' title='bbox 760 2926 839 2988; x_wconf 82' lang='lat' dir='ltr'><strong>feras</strong></span> 
     </span>
     <span class='ocr_line' id='line_1_33' title="bbox 145 3009 1228 3091; baseline -0.002 -17"><span class='ocrx_word' id='word_1_184' title='bbox 145 3013 269 3074; x_wconf 85' lang='lat' dir='ltr'><strong>auderet</strong></span> <span class='ocrx_word' id='word_1_185' title='bbox 289 3028 382 3086; x_wconf 88' lang='lat' dir='ltr'><strong>aeres,</strong></span> <span class='ocrx_word' id='word_1_186' title='bbox 404 3009 545 3073; x_wconf 84' lang='lat' dir='ltr'><strong>fluctibus</strong></span> <span class='ocrx_word' id='word_1_187' title='bbox 567 3021 660 3073; x_wconf 88' lang='lat' dir='ltr'><strong>teetos</strong></span> <span class='ocrx_word' id='word_1_188' title='bbox 682 3011 763 3091; x_wconf 76' lang='lat' dir='ltr'><strong>gravi</strong></span> <span class='ocrx_word' id='word_1_189' title='bbox 1177 3023 1228 3073; x_wconf 76' lang='lat' dir='ltr'><strong>tto</strong></span> 
     </span>
    </p>
   </div>
   <div class='ocr_carea' id='block_1_3' title="bbox 143 3243 1230 3314">
    <p class='ocr_par' dir='ltr' id='par_1_17' title="bbox 143 3243 1230 3314">
     <span class='ocr_line' id='line_1_34' title="bbox 143 3243 1230 3314; baseline 0.002 -16"><span class='ocrx_word' id='word_1_190' title='bbox 143 3245 206 3298; x_wconf 83' lang='lat' dir='ltr'><strong>sotis</strong></span> <span class='ocrx_word' id='word_1_191' title='bbox 224 3251 249 3297; x_wconf 87' lang='lat' dir='ltr'><strong>et</strong></span> <span class='ocrx_word' id='word_1_192' title='bbox 266 3260 355 3298; x_wconf 87' lang='lat' dir='ltr'><strong>currus</strong></span> <span class='ocrx_word' id='word_1_193' title='bbox 372 3260 458 3298; x_wconf 85' lang='lat' dir='ltr'><strong>saeros</strong></span> <span class='ocrx_word' id='word_1_194' title='bbox 472 3245 477 3314; x_wconf 74' lang='grc' dir='ltr'>Ι</span> <span class='ocrx_word' id='word_1_195' title='bbox 492 3243 630 3311; x_wconf 87' lang='lat' dir='ltr'><strong>mundique</strong></span> <span class='ocrx_word' id='word_1_196' title='bbox 646 3250 731 3296; x_wconf 88' lang='lat' dir='ltr'><strong>motus</strong></span> <span class='ocrx_word' id='word_1_197' title='bbox 1107 3243 1230 3300; x_wconf 60' lang='lat' dir='ltr'><strong>serisso·</strong></span> 
     </span>
    </p>
   </div>
   <div class='ocr_carea' id='block_1_4' title="bbox 136 3480 1316 4010">
    <p class='ocr_par' dir='ltr' id='par_1_18' title="bbox 136 3480 1316 4010">
     <span class='ocr_line' id='line_1_35' title="bbox 228 3480 1316 3551; baseline -0.003 -13"><span class='ocrx_word' id='word_1_198' title='bbox 228 3487 276 3538; x_wconf 98' lang='grc'><strong>379</strong></span> <span class='ocrx_word' id='word_1_199' title='bbox 295 3484 380 3551; x_wconf 77' lang='lat' dir='ltr'><strong>gravis</strong></span> <span class='ocrx_word' id='word_1_200' title='bbox 397 3482 472 3534; x_wconf 81' lang='grc' dir='ltr'><strong>ΣΤΗ</strong></span> <span class='ocrx_word' id='word_1_201' title='bbox 539 3480 602 3537; x_wconf 63' lang='lat' dir='ltr'><strong>seth</strong></span> <span class='ocrx_word' id='word_1_202' title='bbox 617 3484 679 3536; x_wconf 82' lang='grc'>388·</span> <span class='ocrx_word' id='word_1_203' title='bbox 697 3481 795 3532; x_wconf 73' lang='lat' dir='ltr'><strong>dohvtt</strong></span> <span class='ocrx_word' id='word_1_204' title='bbox 810 3481 905 3533; x_wconf 81' lang='lat' dir='ltr'><strong>Deirio</strong></span> <span class='ocrx_word' id='word_1_205' title='bbox 980 3483 1030 3534; x_wconf 87' lang='grc'>387</span> <span class='ocrx_word' id='word_1_206' title='bbox 1049 3482 1112 3534; x_wconf 88' lang='lat' dir='ltr'><strong>tueri</strong></span> <span class='ocrx_word' id='word_1_207' title='bbox 1133 3482 1168 3535; x_wconf 84' lang='lat' dir='ltr'><strong>tt.</strong></span> <span class='ocrx_word' id='word_1_208' title='bbox 1189 3513 1227 3522; x_wconf 93' lang='lat'>-</span> <span class='ocrx_word' id='word_1_209' title='bbox 1315 3520 1316 3535; x_wconf 49' lang='lat' dir='ltr'><strong>t</strong></span> 
     </span>
     <span class='ocr_line' id='line_1_36' title="bbox 141 3549 1226 3618; baseline -0.003 -12"><span class='ocrx_word' id='word_1_210' title='bbox 141 3569 230 3606; x_wconf 87' lang='lat' dir='ltr'><strong>rursus</strong></span> <span class='ocrx_word' id='word_1_211' title='bbox 248 3556 272 3603; x_wconf 83' lang='grc' dir='ltr'><em>Φ</em></span> <span class='ocrx_word' id='word_1_212' title='bbox 290 3551 474 3618; x_wconf 54' lang='lat' dir='ltr'><strong>(deriput.)</strong></span> <span class='ocrx_word' id='word_1_213' title='bbox 527 3553 577 3605; x_wconf 81' lang='grc'>388</span> <span class='ocrx_word' id='word_1_214' title='bbox 594 3549 796 3616; x_wconf 63' lang='grc'>1703493990</span> <span class='ocrx_word' id='word_1_215' title='bbox 847 3552 895 3603; x_wconf 87' lang='grc'><strong>391</strong></span> <span class='ocrx_word' id='word_1_216' title='bbox 916 3549 959 3616; x_wconf 89' lang='lat' dir='ltr'><strong>qui</strong></span> <span class='ocrx_word' id='word_1_217' title='bbox 977 3564 1034 3601; x_wconf 90' lang='lat' dir='ltr'><strong>sese</strong></span> <span class='ocrx_word' id='word_1_218' title='bbox 1047 3549 1131 3602; x_wconf 84' lang='lat' dir='ltr'><strong>nescit</strong></span> <span class='ocrx_word' id='word_1_219' title='bbox 1142 3552 1226 3603; x_wconf 79' lang='lat' dir='ltr'><strong>redd.</strong></span> 
     </span>
     <span class='ocr_line' id='line_1_37' title="bbox 141 3616 1229 3686; baseline -0.003 -13"><span class='ocrx_word' id='word_1_220' title='bbox 141 3624 262 3673; x_wconf 72' lang='lat' dir='ltr'><strong>correxit</strong></span> <span class='ocrx_word' id='word_1_221' title='bbox 273 3620 396 3686; x_wconf 73' lang='lat' dir='ltr'><strong>Scaliger</strong></span> <span class='ocrx_word' id='word_1_222' title='bbox 446 3622 497 3673; x_wconf 79' lang='lat'><strong>392</strong></span> <span class='ocrx_word' id='word_1_223' title='bbox 515 3625 556 3672; x_wconf 82' lang='lat' dir='ltr'><strong>est</strong></span> <span class='ocrx_word' id='word_1_224' title='bbox 573 3634 623 3670; x_wconf 88' lang='lat' dir='ltr'><strong>om.</strong></span> <span class='ocrx_word' id='word_1_225' title='bbox 642 3618 727 3682; x_wconf 75' lang='lat' dir='ltr'><strong>redd,</strong></span> <span class='ocrx_word' id='word_1_226' title='bbox 744 3617 847 3670; x_wconf 71' lang='lat' dir='ltr'><strong>addicit</strong></span> <span class='ocrx_word' id='word_1_227' title='bbox 864 3647 898 3657; x_wconf 90' lang='lat'><em>-</em></span> <span class='ocrx_word' id='word_1_228' title='bbox 916 3633 967 3669; x_wconf 92' lang='lat' dir='ltr'><strong>non</strong></span> <span class='ocrx_word' id='word_1_229' title='bbox 981 3616 1018 3669; x_wconf 87' lang='lat' dir='ltr'><strong>M.</strong></span> <span class='ocrx_word' id='word_1_230' title='bbox 1035 3643 1070 3655; x_wconf 82' lang='lat'>-</span> <span class='ocrx_word' id='word_1_231' title='bbox 1087 3617 1161 3671; x_wconf 83' lang='lat' dir='ltr'><strong>adest</strong></span> <span class='ocrx_word' id='word_1_232' title='bbox 1170 3621 1229 3670; x_wconf 86' lang='grc' dir='ltr'><strong>ΣΠ</strong></span> 
     </span>
     <span class='ocr_line' id='line_1_38' title="bbox 140 3685 1228 3754; baseline -0.003 -13"><span class='ocrx_word' id='word_1_233' title='bbox 140 3689 206 3742; x_wconf 87' lang='lat' dir='ltr'><strong>adsit</strong></span> <span class='ocrx_word' id='word_1_234' title='bbox 225 3690 272 3741; x_wconf 78' lang='lat' dir='ltr'><strong>ot</strong></span> <span class='ocrx_word' id='word_1_235' title='bbox 294 3690 415 3739; x_wconf 73' lang='lat' dir='ltr'><strong>corrasit</strong></span> <span class='ocrx_word' id='word_1_236' title='bbox 433 3687 541 3740; x_wconf 77' lang='lat' dir='ltr'><strong>Grotius</strong></span> <span class='ocrx_word' id='word_1_237' title='bbox 627 3689 677 3740; x_wconf 90' lang='grc'><strong>393</strong></span> <span class='ocrx_word' id='word_1_238' title='bbox 695 3692 794 3754; x_wconf 81' lang='lat' dir='ltr'><strong>premnt</strong></span> <span class='ocrx_word' id='word_1_239' title='bbox 811 3685 912 3737; x_wconf 71' lang='lat' dir='ltr'><strong>mu</strong></span> <span class='ocrx_word' id='word_1_240' title='bbox 935 3685 1037 3753; x_wconf 83' lang='lat' dir='ltr'><strong>(premit</strong></span> <span class='ocrx_word' id='word_1_241' title='bbox 1056 3686 1087 3750; x_wconf 83' lang='grc' dir='ltr'><strong>θ)</strong></span> <span class='ocrx_word' id='word_1_242' title='bbox 1109 3693 1228 3738; x_wconf 70' lang='grc' dir='ltr'><strong>οοννοωι·</strong></span> 
     </span>
     <span class='ocr_line' id='line_1_39' title="bbox 139 3753 1224 3812; baseline -0.004 0"><span class='ocrx_word' id='word_1_243' title='bbox 139 3761 189 3812; x_wconf 90' lang='grc'>399</span> <span class='ocrx_word' id='word_1_244' title='bbox 207 3764 273 3811; x_wconf 89' lang='lat' dir='ltr'><strong>terra</strong></span> <span class='ocrx_word' id='word_1_245' title='bbox 291 3757 350 3808; x_wconf 77' lang='lat'><strong>2111</strong></span> <span class='ocrx_word' id='word_1_246' title='bbox 368 3763 460 3808; x_wconf 82' lang='lat' dir='ltr'><strong>terram</strong></span> <span class='ocrx_word' id='word_1_247' title='bbox 480 3760 503 3806; x_wconf 82' lang='grc' dir='ltr'><em>Φ</em></span> <span class='ocrx_word' id='word_1_248' title='bbox 521 3758 643 3807; x_wconf 72' lang='lat' dir='ltr'><strong>correxit</strong></span> <span class='ocrx_word' id='word_1_249' title='bbox 658 3755 771 3806; x_wconf 66' lang='lat' dir='ltr'><strong>Boetius</strong></span> <span class='ocrx_word' id='word_1_250' title='bbox 845 3758 895 3807; x_wconf 91' lang='grc'><strong>499</strong></span> <span class='ocrx_word' id='word_1_251' title='bbox 914 3769 961 3807; x_wconf 88' lang='lat' dir='ltr'><strong>nee</strong></span> <span class='ocrx_word' id='word_1_252' title='bbox 978 3753 1055 3807; x_wconf 85' lang='lat' dir='ltr'><strong>tubae</strong></span> <span class='ocrx_word' id='word_1_253' title='bbox 1072 3757 1098 3804; x_wconf 91' lang='grc' dir='ltr'><strong><em>Σ</em></strong></span> <span class='ocrx_word' id='word_1_254' title='bbox 1168 3760 1224 3808; x_wconf 82' lang='grc'>495</span> 
     </span>
     <span class='ocr_line' id='line_1_40' title="bbox 138 3822 1225 3893; baseline -0.001 -16"><span class='ocrx_word' id='word_1_255' title='bbox 138 3825 200 3893; x_wconf 83' lang='lat' dir='ltr'><strong>tam]</strong></span> <span class='ocrx_word' id='word_1_256' title='bbox 218 3842 275 3878; x_wconf 85' lang='lat' dir='ltr'><strong>oum</strong></span> <span class='ocrx_word' id='word_1_257' title='bbox 293 3823 323 3876; x_wconf 90' lang='lat' dir='ltr'><em>N</em></span> <span class='ocrx_word' id='word_1_258' title='bbox 388 3828 439 3879; x_wconf 87' lang='grc'><strong>496</strong></span> <span class='ocrx_word' id='word_1_259' title='bbox 457 3827 522 3888; x_wconf 83' lang='lat' dir='ltr'><strong>tuta]</strong></span> <span class='ocrx_word' id='word_1_260' title='bbox 540 3837 599 3876; x_wconf 77' lang='lat' dir='ltr'><strong>eura</strong></span> <span class='ocrx_word' id='word_1_261' title='bbox 616 3823 649 3873; x_wconf 79' lang='lat' dir='ltr'><strong>tt!</strong></span> <span class='ocrx_word' id='word_1_262' title='bbox 713 3825 762 3877; x_wconf 89' lang='grc'>497</span> <span class='ocrx_word' id='word_1_263' title='bbox 781 3828 921 3891; x_wconf 82' lang='lat' dir='ltr'><strong>conspecta</strong></span> <span class='ocrx_word' id='word_1_264' title='bbox 946 3822 1025 3873; x_wconf 45' lang='lat' dir='ltr'><strong>rodda</strong></span> <span class='ocrx_word' id='word_1_265' title='bbox 1041 3826 1152 3873; x_wconf 80' lang='lat' dir='ltr'><strong>eorrem‘</strong></span> <span class='ocrx_word' id='word_1_266' title='bbox 1168 3826 1225 3885; x_wconf 85' lang='lat' dir='ltr'><strong>(se-</strong></span> 
     </span>
     <span class='ocr_line' id='line_1_41' title="bbox 136 3889 1224 3959; baseline -0.002 -14"><span class='ocrx_word' id='word_1_267' title='bbox 136 3899 195 3947; x_wconf 79' lang='lat' dir='ltr'><strong>outa</strong></span> <span class='ocrx_word' id='word_1_268' title='bbox 214 3893 402 3958; x_wconf 73' lang='lat' dir='ltr'><strong>Buechelerus)</strong></span> <span class='ocrx_word' id='word_1_269' title='bbox 453 3895 504 3946; x_wconf 88' lang='grc'><strong>499</strong></span> <span class='ocrx_word' id='word_1_270' title='bbox 522 3908 547 3959; x_wconf 83' lang='lat' dir='ltr'><strong>q.</strong></span> <span class='ocrx_word' id='word_1_271' title='bbox 562 3893 593 3954; x_wconf 78' lang='lat' dir='ltr'><strong>s]</strong></span> <span class='ocrx_word' id='word_1_272' title='bbox 612 3889 771 3959; x_wconf 82' lang='lat' dir='ltr'><strong>prosequiN</strong></span> <span class='ocrx_word' id='word_1_273' title='bbox 819 3895 870 3944; x_wconf 85' lang='lat' dir='ltr'><strong>tto</strong></span> <span class='ocrx_word' id='word_1_274' title='bbox 889 3905 980 3957; x_wconf 75' lang='lat' dir='ltr'><strong>graves</strong></span> <span class='ocrx_word' id='word_1_275' title='bbox 998 3890 1073 3940; x_wconf 76' lang='lat' dir='ltr'><strong>codd.</strong></span> <span class='ocrx_word' id='word_1_276' title='bbox 1093 3896 1224 3943; x_wconf 78' lang='lat' dir='ltr'><strong>corre-rit</strong></span> 
     </span>
     <span class='ocr_line' id='line_1_42' title="bbox 136 3961 292 4010; baseline 0 0"><span class='ocrx_word' id='word_1_277' title='bbox 136 3961 292 4010; x_wconf 76' lang='lat' dir='ltr'><strong>Gronovius</strong></span> 
     </span>
    </p>
   </div>
   <div class='ocr_carea' id='block_1_5' title="bbox 0 0 1330 4486">
    <p class='ocr_par' dir='ltr' id='par_1_19' title="bbox 0 0 1330 4486">
     <span class='ocr_line' id='line_1_43' title="bbox 0 0 1330 4486; baseline 0 8"><span class='ocrx_word' id='word_1_278' title='bbox 0 0 1330 4486; x_wconf 95' lang='lat' dir='ltr'><strong> </strong></span> 
     </span>
    </p>
   </div>
  </div>
 </body>
</html>
