2686 4482
135 191 194 255 158
467 208 504 250 nn
527 208 688 253 nnucounu
710 209 880 253 ausnoarca.

221 376 323 421 vereor
344 379 382 422 ne
404 360 435 420 in
458 359 516 420 hoc
538 359 603 421 loco
622 358 808 421 inlustranda
823 360 933 423 nimius
947 361 1040 425 luisse
1054 362 1211 437 videanltl

135 445 187 507 sed
209 463 297 526 quam
319 444 443 506 maxime
465 443 608 506 intererat
629 453 662 504 ut
684 443 822 507 omuibus
848 446 1079 525 persuaderetur
1100 458 1210 526 quant·
1275 459 1278 463 ·

135 548 225 611 opere
255 548 290 591 ex
318 530 471 590 rhetorum
500 528 578 590 ludis
606 529 679 590 haec
705 530 835 591 carmina
856 531 1031 610 penderent.
1076 532 1210 612 exempla

134 626 232 680 autem
261 614 369 694 quibus
397 614 528 676 defuncti
558 632 661 675 sumus
689 614 842 694 impellant
862 615 961 677 lorsau
985 617 1152 696 quempiam
1175 626 1211 678 ut

134 701 289 763 universae
320 700 496 761 elocutionis
525 708 657 760 naturam
688 698 891 760 scholasticam
913 700 1084 781 singillatim
1106 721 1211 781 perse-

137 796 254 868 quatur,
277 804 334 866 qua
357 784 418 845 sula
440 784 554 845 ratione
576 785 792 863 qualecumque
816 784 955 863 gaudium
978 804 1014 846 ex
1031 786 1077 847 his
1092 793 1210 865 tragoe-

137 871 193 933 diis
214 869 328 950 percipi
351 878 457 949 potest.
502 870 612 930 etenim
640 868 710 930 litus
736 881 849 931 aratum
872 880 916 932 est
937 869 973 931 ab
996 871 1134 932 omnibus
1157 872 1210 952 qui

57 1026 59 1035 Ι
135 956 276 1017 iudicium
301 955 336 1017 de
359 954 402 1016 eis
424 954 459 1015 ad
481 952 554 1015 artis
575 953 703 1032 tragicae
725 954 807 1034 leges
821 954 956 1033 redigere
970 956 1069 1017 conati
1086 956 1129 1016 rel
1144 957 1209 1017 lau·

137 1043 245 1103 darunt
258 1049 291 1101 ut
305 1040 398 1101 bonas
413 1038 636 1118 tragoedias-vel
651 1040 856 1118 vituperarunt
871 1047 904 1102 ut
918 1039 1018 1116 malas,
1040 1040 1209 1102 utiliorum

134 1126 279 1188 insaniam
291 1133 481 1204 praeteream
499 1124 553 1203 qul
566 1124 611 1189 vel
625 1130 728 1187 nostro
743 1126 861 1189 saeculo.
875 1126 1018 1189 Senecam
1037 1144 1103 1187 cum
1119 1127 1210 1186 Euri·

134 1211 203 1291 pide
225 1228 396 1288 comparare
418 1209 481 1270 ausi
503 1217 575 1270 sunt
588 1243 631 1253 -
645 1208 673 1269 id
698 1210 777 1289 quud
799 1218 828 1273 et
849 1211 958 1289 prioris
973 1211 1033 1273 aevi
1048 1210 1211 1290 philologis

135 1306 164 1358 et
184 1295 341 1375 Lessingio
367 1293 610 1369 adulescentulo,
640 1294 691 1373 qui
719 1295 842 1357 mirifice
872 1295 1021 1357 coloribus
1050 1296 1208 1358 rhetoricis

134 1379 344 1454 delectabatur,
365 1379 450 1441 tacite
472 1380 684 1445 condonamus.
729 1379 802 1442 istae
822 1399 895 1441 nero
914 1399 976 1443 uon
999 1390 1070 1442 sunt
1089 1389 1208 1459 tragoe-

134 1467 199 1529 diae
225 1466 277 1528 sed
307 1465 533 1527 declamationes
560 1464 596 1525 ad
625 1464 791 1542 tragoediae
812 1465 952 1527 amussim
974 1466 1155 1545 compositae
1177 1473 1209 1527 et

133 1552 165 1612 in
187 1561 271 1614 actus
293 1550 450 1625 deductae;
474 1551 504 1610 in
527 1548 635 1628 quibus
657 1549 681 1613 si
701 1549 909 1629 quiduenuste
924 1551 969 1611 vel
983 1560 1068 1612 acute
1084 1549 1207 1626 dictum,

132 1636 237 1699 floride
259 1645 288 1697 et
308 1637 433 1715 figurate
454 1634 646 1714 descriptum,
669 1634 790 1714 copiose
807 1646 957 1698 narrantur
972 1644 1061 1712 esset,
1082 1635 1206 1716 plauda-

133 1721 205 1783 bant
226 1722 389 1795 auditores,
408 1719 465 1782 arti
486 1719 665 1781 satisfactum
689 1727 760 1780 erat.

218 1806 317 1886 itaque
340 1824 401 1867 uon
424 1804 661 1883 comparabimus
682 1820 749 1865 cum
773 1805 885 1884 graecis
911 1805 963 1869 bas
984 1805 1150 1885 tragoedias
1173 1813 1207 1866 ut

131 1891 204 1953 artis
232 1909 338 1970 opera,
368 1891 419 1952 sed
448 1907 550 1951 earum
578 1898 751 1968 argumente
772 1899 887 1952 mutum
909 1898 939 1951 et
960 1898 1206 1968 argumentorum

131 1976 346 2039 tractationem
388 1974 528 2039 nimirum
559 1994 574 2036 a
601 1974 752 2054 prioribus
775 1974 978 2038 Romanorum
1007 1975 1125 2054 tragicis
1150 1975 1205 2037 Se·

132 2081 206 2122 neca
234 2061 315 2123 etin
339 2060 482 2139 eligendis
503 2060 686 2137 argumentis
708 2060 789 2121 etin
817 2060 975 2123 tractandis
998 2061 1037 2121 ita
1059 2060 1205 2135 discessit,

131 2147 288 2225 utriusque
310 2146 354 2209 rei
377 2163 493 2209 causam
515 2154 550 2207 ut
564 2145 715 2223 instudiis
730 2145 885 2207 rhetoricis
901 2146 986 2209 sitam
1001 2164 1065 2207 esse
1081 2146 1202 2225 eluceat.

216 2240 303 2310 atque
318 2231 448 2311 primum
463 2230 581 2309 quidem
596 2238 769 2308 argumenta
783 2231 861 2311 epod
877 2230 1006 2293 Graecos
1022 2230 1204 2295 nobilissima

131 2317 280 2395 Oedipum
301 2325 330 2377 et
351 2314 554 2399 Hippolytum,
577 2334 654 2394 quae
674 2335 715 2377 ne
738 2316 852 2394 priores
873 2314 1075 2377 Romanorum
1097 2324 1203 2395 poetae

130 2402 277 2464 tractanda
301 2400 356 2461 sibi
379 2412 531 2461 sumerent
553 2400 665 2461 incesta
687 2400 813 2461 conubia
836 2408 865 2461 et
880 2400 1044 2479 flagitiosus
1059 2419 1203 2462 novercae

113 2505 213 2549 ,amor
239 2485 517 2567 prohibuerant-
539 2503 625 2547 nemo
653 2486 734 2548 euim
760 2484 869 2546 obiciet
890 2485 952 2547 Divi
975 2484 1032 2547 luli
1054 2485 1201 2565 Oedipum

130 2607 172 2619 —
187 2573 301 2634 Seneca
322 2580 484 2650 utrumque
504 2570 561 2633 sihi
577 2570 707 2646 adeciait,
730 2578 764 2631 ut
778 2589 854 2649 quae
869 2569 1021 2633 affectibus
1036 2570 1202 2649 depingen-

131 2659 176 2733 dis
197 2659 357 2738 praecipue
379 2663 463 2736 aptae
487 2662 597 2721 esseut.
634 2656 735 2721 eodem
759 2655 883 2733 coasilio
905 2655 940 2719 ab
964 2655 1105 2734 Euripide
1124 2654 1203 2721 Her·

130 2744 225 2805 culem
254 2750 405 2804 mutuatus
433 2744 481 2802 est'
504 2759 592 2820 quem
622 2759 678 2801 nec
701 2739 880 2801 Graecorum
904 2739 1014 2803 nobilis
1035 2748 1122 2819 poeta
1145 2759 1202 2801 nec

128 2828 280 2890 Romanus
302 2834 419 2907 praeter
440 2826 527 2889 illum
552 2834 732 2893 tractaverat
747 2826 785 2902 ¹⁵)
828 2828 1077 2904 Agamemnonem
1100 2825 1203 2885 Livius
1299 2884 1302 2888 .

129 2996 213 3043 uisere
231 2993 351 3043 Averni?
376 2992 421 3045 sed
439 2990 574 3047 ot.Phaed.
585 2993 634 3046 649
652 2995 816 3059 monstrique
835 3007 942 3043 caecam
961 2990 1052 3042 Cnosii
1068 2991 1136 3042 vidit
1153 2991 1201 3043 do-

127 3075 208 3110 mum.
235 3059 293 3112 Tro.
304 3063 350 3113 791
373 3061 469 3111 liberor
490 3059 574 3113 Troas
592 3059 659 3110 eide.
687 3058 733 3112 Ov.
744 3058 852 3124 lastlll,
869 3061 918 3112 703
937 3059 984 3110 ille
1001 3058 1107 3125 quidem
1125 3060 1200 3110 coelo

126 3132 230 3250 §ecferas
247 3128 414 3247 loadieTatr-sio
436 3128 504 3247 oidgt
525 3133 552 3177 et
575 3130 698 3248 temerii}
720 3127 935 3195 magno'tempie
953 3126 1045 3178 dicato
1061 3126 1132 3188 foro.
1168 3127 1200 3178 cl.

144 3210 278 3249 carena
336 3208 626 3249 ro..e.esura.
697 3236 703 3247 .
803 3216 807 3223 ,

194 3211 247 3328 g¹⁴)
264 3263 286 3316 si
306 3262 368 3315 nihil
386 3262 469 3327 aliud,
491 3210 559 3315 cerii
582 3210 617 3315 di
632 3262 728 3316 Seneca
747 3260 934 3329 tragoediamm
952 3265 1055 3315 auctore
1073 3277 1123 3314 non
1141 3261 1200 3313 leve

127 3336 303 3402 argumentum
322 3335 349 3385 et
364 3346 421 3387 mea
439 3330 542 3399 quidem
559 3331 686 3387 sententia
709 3346 755 3399 per
775 3346 803 3384 se
821 3329 950 3387 sufficiens
968 3330 1092 3385 hocloco
1110 3344 1200 3382 couse-

125 3404 178 3457 cuti
194 3415 291 3455 sumus.
345 3408 348 3413 “
805 3410 808 3415 ·
1135 3452 1139 3460 ,

215 3469 246 3533 ¹⁵)
264 3469 289 3520 in
307 3468 454 3521 universum
471 3466 503 3523 ad
522 3464 644 3523 Senecam
662 3482 764 3535 quoque
781 3467 874 3523 attinet
897 3462 965 3533 quod
984 3464 1014 3519 ad
1032 3466 1131 3534 priores
1149 3465 1200 3517 Ro·

126 3553 257 3595 manorum
281 3537 407 3605 tragicos,
430 3536 528 3593 scilicet
545 3535 694 3604 plerumque
712 3536 775 3591 intra
794 3535 870 3607 trium
887 3532 1034 3601 tragoediae
1053 3532 1198 3602 principum

127 3608 277 3674 argumenta
294 3604 445 3661 Graecorum
466 3604 606 3661 imitatores
630 3619 658 3656 se
681 3603 845 3659 continuisse.
882 3602 984 3670 saepius
1006 3602 1038 3654 sb
1063 3602 1114 3659 illis
1131 3616 1199 3661 upra

125 3675 253 3727 Pacuvius
278 3673 384 3731 recessit
406 3672 449 3740 qui
473 3673 498 3724 in
515 3670 649 3727 Duloreste
666 3671 745 3725 Hiona
762 3670 838 3723 bledo
859 3675 885 3724 et
903 3671 1011 3724 tortasse
1029 3669 1153 3725 Periboea
1173 3673 1199 3723 et

124 3742 244 3795 Atalanta
262 3745 411 3809 argmenta
427 3746 489 3809 post
503 3741 563 3792 Euri
583 3741 649 3795 idem
667 3755 774 3796 scaenae
791 3740 884 3792 tradita
901 3739 1033 3801 tractasse
1056 3737 1154 3793 Ennius
1171 3737 1198 3789 iu

125 3809 237 3877 Achille3
264 3808 296 3863 de
319 3808 416 3861 Naevio
438 3809 503 3863 nibil
527 3757 641 3863 adirmo.
681 3823 782 3877 perraro
808 3808 833 3859 in
856 3812 896 3861 tot
919 3806 1060 3861 tabularum
1082 3805 1199 3871 reliquiis

125 3877 218 3944 Arpina
240 3891 316 3943 quem
338 3880 438 3943 praeter
454 3872 627 3945 Melanippum
651 3877 677 3928 cl
699 3881 878 3933 taemnestram
900 3879 926 3931 et
949 3875 1057 3931 tortasse
1078 3872 1200 3927 llellenss

125 3945 210 3995 omnia
233 3945 265 3995 ab
287 3941 416 4009 Sophocle
438 3943 560 4013 Euripide
580 3894 709 4013 Aeschyio
732 3946 871 4012 sumpsisse
898 3943 986 4013 credo:
1012 3941 1102 3997 titulos
1128 3941 1198 4009 epira
