2790 4494
175 225 220 287 64
561 241 588 281 x.
611 240 716 282 annam
738 239 865 282 snnxcax

178 391 301 453 missum
324 389 439 453 rotari?
481 401 597 470 potero,
619 390 778 470 perpetiar,
801 391 903 467 leram,

179 478 248 539 dum
272 495 332 538 non
355 495 439 538 meus
461 483 529 555 post
551 476 607 537 iata
628 476 747 537 victoris
769 494 858 538 manu

178 564 302 625 iactetur
324 561 443 624 Hector.
467 595 508 606 —
531 561 578 621 hic
599 579 682 622 suam
706 579 832 641 poenam
854 569 952 641 potest

178 648 299 723 sentire,
321 654 351 708 at
372 646 455 708 illum
478 648 536 707 lata
558 647 614 707 iam
638 645 668 706 in
691 653 755 707 tuto
777 646 877 707 locant
898 682 940 692 -

180 733 251 815 quid
272 729 447 794 fluctuaris?
476 740 581 807 statne,
604 749 692 811 quem
716 750 829 811 poenae
852 732 995 794 extrahas.

180 820 302 898 ingrata,
326 813 464 880 dubitas?
508 815 618 877 Hector
640 825 684 879 est
707 816 790 878 illinc
811 824 881 879 tuus
901 851 944 862 -

176 922 276 965 erras:
299 902 449 982 utrimque
471 910 516 963 eat
537 900 663 977 Hector;
687 899 736 963 hic
758 920 864 965 sensus
886 910 1001 982 potens,

177 990 278 1050 forsan
302 988 420 1049 iuturus
443 987 521 1047 ultor
543 987 665 1048 extincti
687 987 778 1066 patris
800 1022 841 1033 —

178 1075 299 1154 utrique
320 1072 401 1152 parci
424 1090 486 1133 non
509 1080 622 1151 potest:
652 1071 724 1152 quid
746 1072 804 1133 iam
826 1070 921 1135 lacis?

175 1177 262 1221 serva
284 1178 301 1220 e
322 1157 448 1231 duobus,
471 1157 578 1231 anime,
601 1175 690 1236 quem
712 1156 803 1219 Danai
827 1158 940 1219 timent.

178 1263 253 1304 vxrx.
297 1243 451 1322 Responsa
473 1260 624 1322 peragam:
656 1242 789 1304 lunditus
810 1242 896 1305 busta
922 1261 1033 1305 eruam.

179 1347 264 1389 anon.
288 1329 369 1400 Quae
391 1325 585 1389 vendidistis?
651 1346 725 1387 vxrx.
769 1327 893 1407 Pergam
916 1337 945 1390 et
967 1348 983 1390 e
1006 1346 1121 1391 summo
1145 1346 1255 1409 aggere

180 1414 291 1475 traham
315 1413 481 1493 sepulchra.
546 1430 631 1474 anon.
677 1411 818 1474 Caelitum
841 1413 958 1494 appello
981 1413 1067 1476 iidem
1206 1423 1253 1474 665

178 1499 325 1578 fidemque
347 1497 485 1559 Achillis:
519 1497 641 1578 Pyrrhe,
664 1497 807 1576 genitoris
829 1499 873 1559 tui

178 1603 288 1645 munus
310 1591 404 1646 tuere.
470 1601 542 1643 vxrx.
587 1583 733 1644 Tumulus
755 1582 803 1644 hic
825 1601 929 1664 campo
951 1583 1048 1647 statim

178 1677 241 1732 toto
264 1668 378 1731 iacebit.
444 1686 529 1728 anon.
573 1667 682 1729 Fuerat
702 1667 760 1729 hoc
781 1685 906 1748 prorsus
929 1671 1011 1731 nelas

178 1755 285 1816 Danais
307 1754 455 1815 inausum.
498 1753 605 1832 templa
628 1753 767 1827 violastis,
790 1753 861 1815 deos

179 1840 264 1901 etiam
287 1840 432 1901 faventes:
456 1838 541 1900 busta
564 1838 720 1899 transierat
741 1839 835 1900 furor.

179 1925 323 2001 resistam,
347 1925 476 1986 inermes
498 1924 618 1984 offeram
641 1924 759 1984 armatis
781 1942 897 2000 manus,
949 1979 958 1984 .

179 2010 258 2071 dabit
279 2011 321 2071 ira
343 2010 428 2070 vires.
473 2008 568 2087 qualis
590 2008 742 2087 Argolicas
763 2009 847 2070 lerox

177 2106 290 2158 turmas
314 2096 440 2156 Amazon
464 2093 574 2168 stravit,
596 2102 647 2156 aut
669 2094 765 2172 qualis
787 2094 841 2156 deo

180 2198 318 2261 percussa
340 2180 458 2240 Maenas
480 2179 588 2240 entheo
611 2178 697 2240 silvas
720 2180 812 2257 gradu

176 2272 287 2327 armata
309 2265 412 2344 thyrso
434 2271 527 2325 terret
548 2273 637 2343 atque
660 2282 765 2343 expers
787 2264 834 2325 sui

178 2349 286 2411 vulnus
309 2350 389 2411 dedit
411 2367 467 2410 nec
489 2349 591 2423 sensit,
615 2348 645 2409 in
668 2349 781 2410 medios
804 2366 887 2409 ruam

179 2436 353 2514 tumuloque
376 2434 485 2496 cineris
507 2434 586 2495 socia
609 2434 729 2496 defenso
752 2434 861 2494 cadam.

176 2539 252 2582 anax.
290 2520 424 2582 -Cessatis
445 2527 475 2580 et
496 2537 546 2581 vos
567 2518 674 2581 flebilis
696 2519 807 2580 clamor
828 2525 925 2580 movet

179 2607 322 2685 furorque
344 2623 445 2666 cassus
467 2601 617 2665 feminae?
660 2604 740 2666 iussa
763 2604 846 2665 ocius

179 2693 319 2771 peragite.
385 2709 470 2751 anon.
515 2689 571 2764 lle,
594 2708 642 2751 me
664 2689 787 2751 sternite
809 2690 858 2750 hic
880 2689 959 2751 lerro
984 2689 1076 2769 prius.

178 2776 316 2856 repellor,
339 2777 398 2837 heu
421 2793 479 2836 me.
522 2793 628 2854 rumpe
650 2776 777 2837 latorum
799 2792 906 2851 moras,

179 2861 283 2923 molire
305 2869 409 2935 terras
432 2859 551 2934 Hector,
574 2868 608 2921 ut
629 2860 732 2921 Vlixen
755 2860 866 2921 domes.

176 2946 224 3007 rel
246 2945 349 3007 umbra
372 2946 441 3006 satis
464 2965 559 3006 es-
582 2964 661 3006 arma
684 2944 836 3007 concussit
857 2962 958 3021 manu,

178 3031 322 3092 iaculatur
344 3030 428 3109 ignes
450 3065 492 3076 -
515 3030 645 3105 cernitis,
668 3029 769 3105 llanai,
792 3026 972 3092 Hectorem?

174 3135 217 3176 an
240 3114 301 3177 sola
323 3113 430 3176 video?
494 3134 569 3176 verr.
615 3114 759 3176 Funditus
781 3123 887 3177 cuncta
910 3133 1021 3185 eruant.
1206 3123 1259 3176 685

179 3218 264 3261 anon.
309 3200 385 3271 Quid
408 3198 492 3278 agis?
522 3200 610 3261 ruina
631 3198 742 3279 pariter
763 3206 792 3260 et
815 3209 914 3262 natum
939 3210 968 3262 et
988 3200 1084 3262 tirum

179 3285 344 3366 prosternis
367 3282 449 3346 una?
481 3285 603 3346 forsitan
627 3283 743 3346 danaos
763 3303 853 3364 prece

177 3371 296 3451 placare
319 3370 441 3451 poteris.
485 3370 636 3433 conditum
659 3369 752 3431 illidet
774 3371 872 3432 statim
979 3430 981 3435 .

180 3459 308 3518 immane
329 3455 410 3518 busti
432 3457 550 3536 pondus
572 3489 614 3500 —
636 3455 763 3517 intereat
784 3457 873 3519 miser

264 3644 313 3694 653
332 3641 472 3709 perpetiar:
495 3656 507 3690 r
525 3640 702 3693 55551556
754 3643 803 3695 658
821 3639 874 3692 11115
892 3643 911 3705 ς
962 3642 1012 3693 659
1030 3654 1108 3696 sensu
1125 3641 1144 3703 ς
1161 3653 1252 3691 sensus

179 3713 237 3776 post
255 3708 323 3760 ead
374 3708 424 3763 660
443 3709 572 3763 sorsamld
623 3712 671 3763 661
691 3707 813 3775 quidnam
830 3708 1027 3760 coddeorraoea'
1078 3710 1128 3762 666
1146 3705 1253 3775 pyrrild

178 3782 226 3831 671
246 3777 390 3829 inermisli
464 3781 512 3830 (tlt
538 3777 741 3844 tumultuquell
819 3779 868 3829 619
893 3791 968 3829 casus
986 3777 1011 3827 6
1084 3778 1131 3829 681
1158 3774 1253 3842 repelle

178 3845 327 3908 animum&
361 3845 501 3910 (Avernum
520 3846 729 3908 ,4555155565
748 3845 800 3909 Aa)
873 3844 1133 3909 68355115551Ες
1201 3845 1253 3896 684

176 3911 337 3974 155515151ς
415 3917 464 3966 685
486 3928 544 3965 erue
562 3914 587 3963 Α
665 3916 715 3968 686
734 3914 805 3964 mina
822 3917 903 3966 mater
920 3919 947 3966 et
965 3913 1040 3966 codd.
1059 3915 1180 3963 corrasit
1198 3911 1252 3963 155.

177 3977 330 4028 Gronovius
400 3982 449 4031 688
468 3979 546 4031 elidet
564 3982 588 4030 A
