2648 4478
173 249 215 314 80
591 267 630 310 nx
650 266 822 310 rnouunsrs.

174 419 214 480 ita
235 418 316 480 hune
338 436 456 480 versum
478 417 597 498 Lipsius
620 418 784 480 emendavit
806 417 910 498 quiin
933 416 1069 479 llelisseo
1096 410 1253 480 invenerat
1310 432 1315 479 A

173 504 335 584 complure
350 507 457 582 iugens,
482 522 557 584 quae
572 503 660 564 rerba
676 504 707 564 in
723 503 747 564 Α
763 502 967 564 desiderantur
982 503 1025 563 sic
1040 503 1131 565 altera
1145 520 1252 567 versus
1314 582 1315 587 ἵ

174 597 257 669 parte
279 590 404 668 scripta:

735 676 815 751 regio
836 634 925 752 stirpe
945 672 1026 734 edite.

173 758 205 818 in
228 756 355 818 Etrusco
377 765 476 818 autem
498 756 569 818 item
590 756 714 834 legitur:

378 842 540 922 exemplum
561 846 660 921 ingess
681 845 760 921 reple
781 846 870 922 stirpe
891 842 1008 915 editum,

174 945 248 1003 non,
271 935 304 988 ut
325 926 495 988 Gronovius
516 926 627 1006 duplici
650 944 752 987 errore
773 936 888 987 narrat:

378 1011 540 1091 ememplum
561 1015 593 1072 ιἰι
615 1016 713 1090 ingeres
734 1015 814 1091 regio
835 1016 923 1091 stirpe
945 1011 1025 1071 edite.

175 1102 203 1156 at
224 1095 344 1174 Lipsius
373 1095 446 1174 quin
474 1113 592 1158 versum
617 1104 698 1157 recte
727 1096 891 1159 emendarit
911 1094 1035 1156 minime
1055 1092 1251 1155 dubitandum

176 1187 229 1240 est.
274 1181 312 1240 el.
336 1181 406 1242 Seu
429 1199 476 1259 ep.
501 1183 558 1257 66,
581 1185 601 1244 4
632 1180 777 1245 acreum
805 1180 879 1243 ιιιιῗιι·
904 1180 1018 1242 videtur
1045 1184 1077 1240 iu
1102 1178 1252 1258 comptor
1314 1228 1315 1263 3

147 1262 274 1326 'editus
314 1264 350 1327 de
371 1265 531 1367 prosid.‚6
550 1226 661 1329 3ιαιι
680 1277 748 1328 sunt
769 1271 801 1328 ιἰι
823 1264 979 1344 coemptor.
1016 1262 1100 1325 ovid
1119 1262 1250 1340 lasciv,
1314 1280 1315 1323 ι

175 1349 237 1411 243
265 1354 343 1412 court
371 1355 403 1412 irs
429 1351 591 1432 templum
616 1346 783 1429 socordio,
813 1358 843 1411 et
869 1349 975 1411 similia
1009 1347 1165 1428 permulta
1210 1349 1249 1410 cl.

174 1431 228 1493 ΗΟ
255 1436 337 1498 1854
361 1435 543 1515 mecsplor
530 1454 639 1516 engen-r.
683 1437 719 1497 de
741 1436 791 1496 vit.
815 1436 890 1497 beat
912 1436 971 1511 24,
994 1434 1079 1495 4αά
1101 1433 1251 1530 ecempler
1314 1444 1315 1459 ¹

173 1522 273 1597 iugens
296 1522 363 1597 (me)
384 1520 500 1596 ιιιιοῑιο;
530 1539 709 1600 quamquem
732 1520 791 1581 id
784 1538 882 1600 ipsum
905 1519 936 1580 in
958 1480 1041 1580 dunc
1062 1536 1179 1579 versum
1201 1518 1251 1580 in·

173 1603 253 1665 ferre
274 1623 430 1686 perperam
452 1613 577 1668 conatur
598 1605 742 1686 Peiperus
764 1606 856 1685 prael
879 1624 909 1684 p.
928 1603 1027 1665 XLVI.
1072 1603 1123 1665 sed
1146 1621 1185 1664 ne
1205 1603 1251 1666 sie
1314 1646 1315 1681 3

174 1688 273 1750 omnia
302 1690 389 1795 plana
418 1699 511 1788 putes
535 1710 615 1766 esse
644 1691 804 1752 obscurum
831 1699 877 1751 est
904 1688 975 1770 quid
1003 1689 1076 1750 heco
1102 1688 1158 1750 sibi
1179 1688 1252 1753 'velit

174 1769 370 1837 adlocutioz‘
374 1776 453 1855 regia
476 1776 568 1856 stirpe
589 1776 621 1836 in
644 1776 812 1856 exemplum
830 1775 940 1836 editum
956 1769 1097 1834 Thebae'
1089 1765 1250 1836 invocant'.

175 1866 256 1920 certe
286 1860 442 1921 dicendum
471 1869 552 1922 erat
563 1861 631 1939 quis
653 1869 731 1922 esset
752 1860 802 1922 ille
824 1860 904 1941 regia
925 1859 1020 1938 stirpe
1042 1858 1147 1921 editus.
1193 1876 1251 1922 nec

174 1943 320 2004 removeri
343 1944 542 2007 difficultatem
566 1945 735 2025 recipienda
756 1944 904 2026 scriptura
926 1938 1065 2022 vulgari‘
1068 1947 1252 2024 regruste'rpc

174 2019 267 2103 edr’sste
290 2028 379 2090 immo
402 2031 503 2109 augeri
526 2030 637 2092 olorum
660 2040 720 2106 est;
746 2049 813 2092 nem
835 2030 878 2091 sio
899 2033 1033 2091 sumcere
1048 2027 1170 2090 omnino
1187 2047 1251 2092 non

174 2112 264 2175 habet
284 2133 344 2194 quo
366 2115 521 2177 referatur
551 2133 621 2193 ergo
641 2134 696 2213 pro
712 2127 793 2178 certo
808 2114 910 2177 baberi
924 2120 1023 2194 potest
1035 2132 1130 2174 unum
1145 2113 1253 2175 saltem
1314 2178 1315 2197 ἶ

175 2216 292 2259 versum
307 2207 376 2261 ante
391 2202 453 2264 320
469 2200 682 2262 intercidisse'
675 2220 706 2261 ιιι
722 2219 781 2279 quo
797 2217 963 2280 pronomen
978 2198 1135 2278 personale
1149 2197 1251 2263 locum
1314 2216 1315 2257 3

175 2282 312 2344 habuerit
323 2283 385 2346 lere
395 2285 453 2345 hoe
465 2286 567 2347 modo:
578 2279 750 2368 [parumper
760 2304 846 2347 aureo
855 2285 1051 2346 commodoete
1062 2287 1129 2355 tom,
1137 2279 1250 2370 poreq]
1314 2278 1315 2337 l

175 2369 337 2448 occeptum
360 2374 391 2431 ιἰι
413 2374 512 2449 luperco
532 2374 612 2450 regia
632 2375 720 2450 stirpe
740 2371 848 2432 editum
874 2369 981 2430 Tledsc
1004 2379 1141 2449 ponentes
1166 2388 1252 2432 ormo
1314 2370 1315 2443 ᾗ

174 2452 311 2529 fraterno
333 2458 474 2516 invocent.
505 2464 668 2534 potuerunt
690 2456 776 2534 plura
797 2454 973 2535 praeoedere
988 2454 1024 2515 de
1040 2452 1149 2534 quibus
1172 2454 1251 2515 ario·
1314 2450 1315 2521 l

175 2535 231 2598 lari
252 2538 357 2599 inutile
379 2547 433 2600 est.
476 2558 547 2601 num
570 2549 600 2601 et
621 2539 706 2619 sequi
728 2540 784 2602 alia
806 2539 940 2619 quaestio
963 2546 1007 2600 ost
1028 2556 1116 2616 quam
1131 2557 1251 2601 movere

175 2622 253 2683 torte
275 2641 337 2684 non
361 2622 462 2685 utilius
485 2625 531 2686 sit.
561 2643 683 2686 monere
705 2631 804 2686 tamen
820 2624 922 2700 debeo,
946 2640 1125 2703 quamquam
1139 2624 1251 2686 muiora
1314 2642 1315 2647 ¹

175 2706 246 2770 inde
273 2726 451 2787 quemquam
480 2709 577 2771 moliri
605 2710 693 2783 nolo,
721 2711 798 2770 hanc
826 2708 962 2770 soaenam
984 2709 1024 2771 43
1050 2725 1154 2769 versus
1176 2727 1250 2771 con·
1314 2702 1315 2713 ’

176 2792 281 2869 tinere,
303 2802 375 2873 quot
390 2794 422 2855 in
438 2794 563 2873 singulis
578 2795 695 2874 paginis
710 2794 774 2856 eius
789 2794 857 2856 libri
872 2813 888 2855 a
904 2812 963 2873 quo
978 2793 1123 2857 Etruscus
1138 2794 1251 2872 pendet
1314 2868 1315 2879 χ

177 2878 307 2941 extitisse
328 2879 429 2941 Herm.
445 2879 471 2939 X
493 2898 523 2960 p
539 2881 599 2943 431
619 2881 686 2941 adn
705 2882 725 2942 2
747 2898 783 2941 ex
804 2879 920 2940 lacunis
941 2879 973 2939 in
996 2877 1123 2939 Hercule
1138 2877 1250 2941 Oetaeo
1314 2894 1315 2961 j

175 2961 222 3022 bis
251 2964 376 3025 eundem
405 2982 543 3026 versuum
573 2982 731 3026 numerum
759 2963 920 3044 complexis
947 2965 1000 3040 (ιι.ι
998 2963 1121 3028 1-82
1128 2964 1193 3025 224
1223 2973 1252 3025 ιι
1314 2978 1315 3003 ¹

179 3048 403 3124 roes-taos)
424 3048 549 3127 conlegi.
593 3050 707 3111 secedit
728 3058 763 3111 ut
783 3068 889 3111 scaena
911 3066 1040 3144 sequens
1060 3049 1124 3111 362
1146 3066 1251 3111 versus
1314 3070 1315 3077 ¹

176 3131 329 3193 continent
356 3134 407 3229 qui
437 3142 507 3195 sunt
535 3134 666 3213 septiens
695 3134 875 3214 quadrageni
903 3133 982 3195 temi
1004 3150 1066 3194 uno
1088 3143 1250 3211 superante
1314 3158 1315 3175 ι

176 3213 226 3284 oui
248 3216 377 3277 locum
369 3235 400 3278 m
422 3218 596 3297 paginarum
619 3218 757 3280 extremis
786 3237 848 3280 non
874 3218 985 3279 dildeili
1009 3215 1129 3313 negotio
1152 3237 1248 3315 pares.
1299 3222 1315 3291 ‘g

175 3300 227 3362 sod
249 3301 322 3363 haec
343 3301 455 3364 fallacia
478 3311 557 3364 sunt.
600 3303 682 3364 locos
703 3303 783 3365 enim
804 3305 835 3365 in
858 3304 985 3365 Etrusco
1007 3302 1132 3364 omissos
1155 3303 1250 3367 inter-

177 3385 283 3448 cidisse
306 3394 423 3467 oportet
444 3397 600 3467 postquam
620 3387 813 3468 interpolator
828 3387 852 3449 A
866 3406 971 3450 noram
993 3386 1153 3451 editionem
1177 3407 1249 3451 con·
1314 3382 1315 3441 ἶ

176 3471 256 3533 fecit.
290 3472 321 3534 in
344 3470 516 3534 Phoenissis
537 3483 635 3535 autem
656 3473 713 3534 iam
735 3475 850 3553 pridem
871 3482 945 3535 tune
966 3474 1077 3535 iactura
1099 3473 1250 3536 dehuisset

175 3555 250 3617 lacta
279 3575 353 3619 osse.
403 3565 437 3619 ut
463 3558 489 3619 si
519 3557 677 3638 quicquum
707 3577 741 3621 ex
766 3558 987 3638 computatione
1015 3557 1069 3620 iso
1097 3559 1249 3639 conligere
1281 3603 1286 3612 1

175 3640 257 3715 velis,
279 3643 315 3704 ad
337 3644 532 3705 vetustiorum
554 3643 742 3705 libroriomm
765 3645 796 3706 in
819 3643 1018 3723 exprimendis
1038 3643 1249 3724 exemplarium

177 3742 299 3788 suorum
322 3728 439 3807 paginis
461 3729 575 3791 anxiam
597 3729 745 3809 quandam
766 3728 962 3793 condentium
979 3728 1090 3791 referre
1109 3729 1183 3791 illud
1197 3730 1248 3792 de·

177 3809 270 3958 bplpg,
293 3831 351 3892 qua
373 3812 410 3875 de
431 3832 465 3875 re
480 3814 681 3877 Mommsenus
702 3814 820 3877 locutus
842 3822 887 3877 est
903 3815 934 3876 in
950 3821 1006 3876 aet
1021 3813 1101 3875 seed.
1117 3814 1247 3877 Berolin.

261 3980 295 4041 In
318 3991 461 4058 sequente
476 4000 581 4045 scaena
595 3994 802 4064 argumentum
817 3991 922 4047 tractat
935 4003 971 4045 ex
986 3982 1138 4062 Euripidis
1152 3982 1247 4045 Phoe·
