2658 4488
360 1043 557 1106 HERCVLES

155 1181 242 1243 Sator
264 1181 396 1255 deorum,
419 1180 505 1241 ouius
527 1199 684 1243 excussum
706 1200 796 1243 manu
828 1220 831 1227 -

61 1276 213 1347 utraeque
235 1265 347 1328 Phoebi
370 1265 503 1326 sentiunt
525 1267 636 1327 tulmen
660 1267 774 1342 domus,

62 1370 174 1414 secure
197 1369 287 1431 regna
310 1386 351 1395 -
374 1351 486 1431 protuli
511 1370 612 1431 paoem
636 1351 699 1424 tibi,

63 1434 257 1517 quacumque
279 1436 393 1498 Nereus
415 1435 528 1516 porrigi
551 1447 644 1498 terras
667 1445 751 1498 vetat.

64 1542 130 1585 non
154 1530 199 1584 est
220 1522 399 1584 tonandum:
427 1522 533 1601 perfidi
556 1540 641 1601 reges
663 1523 769 1597 iacent,

64 1609 146 1670 saevi
169 1607 296 1687 tyranni.
341 1606 483 1686 fregimus
505 1606 649 1687 quidquid
672 1606 728 1668 suit
965 1683 967 1688 ³

66 1693 121 1754 tibi
143 1691 371 1754 fulminandum.
420 1693 470 1753 sed
493 1691 565 1752 mihi
588 1691 711 1767 caelum,
734 1708 852 1770 parens,

65 1779 165 1840 adhue
188 1777 335 1856 negatur?
365 1777 450 1856 parui
473 1788 553 1839 certe
575 1777 641 1838 love

66 1863 180 1942 ubique
203 1863 310 1942 dignus
332 1871 421 1940 teque
443 1870 545 1923 testata
568 1871 612 1923 est
634 1879 738 1923 meum-

66 1958 183 2029 patrem
206 1966 340 2010 noverea.
385 1947 455 2027 quid
478 1955 575 2009 tamen
598 1948 693 2010 nectis
713 1943 833 2008 moras‘i

68 2033 214 2115 numquid
237 2029 395 2094 timemur?
426 2032 570 2111 numquid
593 2032 763 2113 impositum
786 2031 843 2093 sibi

69 2138 131 2180 non
155 2119 264 2199 poterit
286 2118 365 2179 Atlas
382 2118 465 2179 ferre
488 2137 554 2179 oum
579 2119 660 2180 eaelo
682 2114 861 2179 Herculem?

71 2205 141 2284 quid
163 2214 249 2279 astra,
272 2203 398 2283 genitor,
421 2204 492 2283 quid
515 2200 627 2282 negas?
656 2221 737 2264 mors
759 2221 806 2264 me
828 2201 881 2263 tibi

71 2297 150 2351 certe
173 2289 295 2365 remisit,
318 2307 405 2350 omne
428 2290 576 2351 consessit
598 2290 706 2351 malum

71 2375 150 2454 quod
173 2383 250 2436 terra
273 2374 385 2453 genuit,
408 2382 518 2453 pontus
540 2394 590 2436 aer
612 2374 717 2437 inferi:

72 2460 172 2522 nullus
195 2478 248 2539 per
270 2459 359 2521 urbes
382 2469 460 2521 errat
482 2460 618 2521 Arcadias
640 2460 697 2535 leo,

72 2544 248 2625 Stymphalis
270 2545 327 2606 iota
350 2553 404 2619 est,
426 2544 550 2605 Maenali
573 2545 654 2607 nulla
676 2552 721 2605 est
742 2544 819 2618 iera;

73 2631 178 2710 sparsit
200 2637 372 2709 peremptus
394 2647 516 2692 aureum
539 2649 663 2711 serpens
686 2646 792 2690 nemus

74 2725 102 2777 et
122 2716 211 2795 hydra
233 2715 310 2776 vires
332 2715 433 2794 posuit
454 2724 483 2776 et
505 2723 591 2776 notos
616 2714 714 2776 Hebro

74 2818 178 2861 eruore
199 2800 325 2879 pingues
348 2800 499 2879 hospitum
520 2800 594 2879 fregi
617 2817 723 2878 greges

75 2885 223 2965 hostisque
245 2885 318 2945 traxi
341 2885 435 2965 spolia
456 2884 712 2946 Thermodontiae.

74 2970 129 3031 vidi
151 2971 289 3031 silentum
311 2971 368 3031 iata
391 2988 447 3031 neo
469 2978 582 3032 tantum
604 2970 677 3045 redi,

75 3056 123 3117 sed
144 3054 277 3134 trepidus
299 3064 395 3117 atrum
418 3054 579 3132 Cerberum
601 3056 673 3117 vidit
694 3054 756 3117 dies

76 3149 104 3202 et
124 3139 170 3201 ille
192 3138 292 3201 solem.
337 3140 439 3202 nullus
462 3143 590 3203 Antaeus
613 3141 701 3220 Libys

76 3225 195 3287 animam
218 3226 349 3299 resumit,
373 3225 478 3287 cecidit
500 3235 567 3288 ante
589 3245 653 3288 aras
675 3243 744 3287 suas

76 3310 193 3385 Busiris,
216 3329 275 3371 una
298 3319 342 3371 est
364 3310 481 3390 Geryon
504 3329 625 3391 sparsus
647 3329 737 3373 manu

77 3406 231 3475 taurusque
253 3395 373 3475 populis
394 3395 532 3458 horridus
555 3407 674 3458 eentum
695 3414 795 3477 pavor.

78 3481 278 3561 quodcumque
302 3480 389 3542 telius
412 3481 516 3560 genuit
537 3481 644 3543 infesta
666 3481 773 3543 occidit

78 3584 193 3646 meaque
214 3566 314 3630 iusum
338 3574 383 3628 est
404 3567 536 3628 dextera:
560 3566 642 3628 iratis
665 3568 726 3629 deis

154 3749 319 3803 HERCVLES
336 3749 362 3801 Ε
379 3750 542 3803 fluuuvtns
560 3749 709 3803 OETAEVS
727 3752 751 3801 A

157 3856 168 3904 t
188 3852 315 3907 excelsum
333 3856 353 3918 ς
424 3857 455 3905 14
473 3868 530 3905 eum
548 3855 632 3906 cesset
649 3853 748 3919 (cessit)
764 3854 804 3911 Α,
845 3857 874 3905 ts
893 3851 1071 3920 quodcumque
1089 3856 1106 3906 t.
1122 3857 1143 3919 ς

79 3925 109 3975 20
125 3919 173 3974 iudi
190 3935 281 3988 greges
300 3923 324 3972 A
393 3924 423 3974 21
444 3921 590 3989 hostisque:
609 3937 625 3974 o
642 3937 696 3972 roe.
715 3937 749 3972 en
767 3920 783 3972 h
803 3923 817 3973 1
827 3937 860 3972 m.
879 3920 904 3972 Ε
955 3923 988 3973 22
1006 3937 1031 3972 v.
1049 3936 1139 3990 regen·

80 3991 164 4041 temA
232 3992 265 4043 26
284 3996 325 4042 est
342 3989 435 4042 ΜΕ
504 3992 536 4043 28
554 3990 714 4054 infestum&
783 3992 815 4043 29
834 3989 912 4043 erutis
929 3989 984 4042 dies
1002 3989 1027 4041 Ε

889 4075 939 4127 18*
