2652 4486
549 260 667 306 oeravra
776 253 778 257 ’

71 413 225 474 extrahere
247 412 344 493 pisces
366 423 428 475 rete
451 413 496 474 vel
519 413 628 476 calamo
651 415 706 477 leri

70 498 209 577 decipere
232 498 366 559 volucres
411 516 430 550 s
557 521 575 554 e

69 595 172 646 tenere
194 583 310 663 laqueo,
334 601 469 664 premere
491 584 641 646 subiectos
664 586 734 666 iugo

68 681 171 731 tauros
193 668 317 744 feroces,
340 686 459 731 vomere
481 669 641 733 immunem
664 672 749 751 prius

68 755 184 817 sulcare
206 762 325 827 terram,
351 753 428 816 laesa
451 773 527 834 quae
548 756 650 835 fruges
671 775 740 818 suas

68 839 195 902 interius
217 839 275 901 alte
296 838 430 901 condidit
450 858 536 903 sacro
557 841 635 903 sinu.

68 925 173 987 sedin
197 924 327 1004 parentis
350 925 460 986 viscere
482 925 600 988 intravit
621 945 692 988 suae
782 958 784 964 s

67 1009 198 1072 deterior
219 1016 313 1072 aetas:
337 1010 414 1073 eruit
436 1011 547 1076 lcrrum
569 1026 656 1090 grave

67 1113 243 1174 aurumque,
266 1113 365 1157 saevas
386 1113 455 1157 mor
478 1105 507 1158 et
529 1097 650 1158 armarit
671 1115 793 1175 manus3

67 1180 174 1262 partita
196 1181 271 1242 lines
293 1198 384 1260 regne
406 1181 571 1256 constituit,
593 1199 682 1244 novas

67 1266 197 1329 extruxit
219 1264 317 1339 urbes,
340 1274 417 1328 tecte
438 1266 571 1328 defendit
593 1285 656 1342 sua,

66 1351 162 1414 aliena
184 1349 249 1412 telis
271 1359 322 1412 aut
343 1351 417 1431 petit
438 1352 564 1431 praedae
586 1352 754 1414 imminens.

68 1435 200 1516 neglecta
223 1443 317 1498 terras
338 1435 416 1517 fugit
437 1446 466 1499 et
486 1455 586 1499 mores
609 1439 688 1500 feros

65 1521 222 1584 hominum
245 1529 273 1583 et
296 1530 420 1584 cruenta
442 1523 531 1585 caede
552 1522 680 1604 pollutas
701 1540 808 1585 manue

65 1610 187 1669 Astraea
209 1606 301 1687 virgo,
324 1605 455 1670 siderum
476 1626 618 1688 magnum
640 1609 741 1670 decus.

65 1692 175 1773 cupido
199 1690 267 1753 belli
290 1692 381 1755 crevit
402 1702 490 1774 atque
513 1695 577 1756 auri
600 1695 692 1755 tames

65 1787 162 1840 totum
185 1795 239 1857 per
260 1777 372 1854 orbem,
395 1779 555 1841 maximum
577 1790 713 1841 exortum
736 1787 780 1840 est
801 1778 910 1841 malum

64 1863 193 1935 luxuria,
217 1863 309 1943 pestis
331 1862 446 1938 blanda,
469 1865 517 1926 cui
540 1866 616 1927 vires
639 1863 719 1937 dedit

65 1947 218 2028 roburque
241 1947 363 2029 longum
385 1957 503 2030 tempus
525 1958 613 2030 atque
635 1967 720 2010 error
743 1950 847 2027 gravis.

65 2033 188 2096 collecta
209 2033 276 2095 vitia
299 2052 353 2113 per
374 2042 419 2095 tot
440 2043 549 2097 aetates
571 2035 621 2096 diu

63 2119 96 2179 in
121 2137 175 2180 nos
197 2118 379 2180 redundant:
404 2119 522 2181 saeculo
545 2121 708 2201 premimur
730 2120 820 2199 gravi,

63 2222 125 2283 quo
148 2203 260 2265 scelera
282 2215 416 2283 regnant,
439 2206 529 2266 saevit
550 2204 686 2286 impietas
706 2204 823 2282 furens,

61 2290 144 2369 turpi
167 2288 257 2351 libido
280 2288 394 2351 Venere
416 2290 584 2353 dominatur
606 2297 724 2370 potens,

60 2374 178 2436 luxuria
199 2372 303 2453 victrix
325 2374 406 2436 orbis
428 2375 587 2438 immensas
610 2394 683 2455 opes
752 2391 766 2411 ²

60 2459 256 2539 iampridem
278 2461 370 2522 araris
391 2460 539 2537 manibus,
561 2470 595 2523 ut
616 2460 729 2541 perdat,
751 2460 839 2540 rapit.

60 2545 113 2606 sed
136 2562 216 2620 ecce,
238 2561 342 2623 gressu
364 2545 459 2608 fertur
481 2547 605 2609 attonito
628 2545 707 2608 Nero

59 2630 200 2710 trucique
222 2630 313 2691 vulto.
358 2630 430 2709 quid
452 2631 527 2694 ierat
548 2639 648 2694 mente
668 2630 788 2706 horreo.

350 2764 454 2827 NERO

145 2866 256 2947 Perage
278 2866 436 2947 imperata:
460 2868 552 2943 mitte,
575 2868 626 2947 qui
649 2865 745 2929 Plauti
767 2865 839 2928 milri

58 2950 219 3032 Sullaeque
240 2952 318 3014 caesi
340 2952 448 3015 referat
469 2953 616 3015 abscisum
638 2959 736 3033 ceput.

144 3121 194 3172 412
213 3136 263 3170 om.
281 3117 340 3184 ltu,
362 3119 450 3186 suppl.
468 3122 497 3171 te
521 3123 574 3171 imo
592 3134 646 3184 mg.
665 3121 724 3170 1m.
743 3117 764 3168 L
799 3116 824 3168 d.
846 3132 871 3168 r.
890 3120 959 3169 crate
977 3117 1019 3170 vel
1039 3119 1137 3172 calamo

56 3193 102 3240 aut
119 3187 170 3239 leri
189 3186 266 3252 201*
280 3186 305 3239 d.
324 3203 349 3237 v.
369 3192 439 3239 crate
455 3188 498 3241 vel
515 3188 613 3240 calerno
630 3186 715 3240 levid
732 3185 795 3239 dr.
815 3188 883 3238 crete
894 3189 939 3237 eut
956 3184 1044 3236 levid!
1065 3186 1090 3239 d.
1109 3204 1135 3240 v.

56 3258 100 3310 rel
118 3255 216 3308 calamo
233 3261 278 3307 aut
295 3255 347 3307 leri
367 3256 388 3306 0
414 3254 439 3308 d.
457 3271 481 3307 r.
500 3259 604 3308 eminam
623 3255 735 3321 reliquie
752 3255 811 3306 eod.
827 3252 925 3305 Melet.
943 3254 984 3318 11,
1000 3253 1043 3319 20,
1061 3256 1076 3306 1
1099 3256 1135 3316 cs.

54 3326 78 3387 1,
87 3324 130 3376 46.
148 3326 267 3390 ascripta
285 3324 322 3374 ed
339 3339 363 3375 v.
380 3325 430 3376 411
452 3328 530 3375 uaria
549 3325 661 3376 lectione
678 3323 846 3374 intercidisse
863 3324 967 3373 conieci
983 3322 1038 3375 tau
1055 3324 1134 3389 quid:

54 3390 182 3456 [turbidos
200 3391 259 3443 lorti
276 3394 363 3454 caneo]
431 3395 483 3445 414
499 3397 519 3444 t.
537 3391 554 3443 i.
572 3396 598 3444 et
614 3407 641 3444 v.
661 3391 717 3442 Φθ.
735 3417 769 3429 -
786 3390 892 3444 vnlnere
910 3390 988 3442 codd.
1005 3406 1076 3445 corr.
1094 3392 1133 3444 ed.

51 3460 140 3514 Baetl.
153 3476 178 3511 e.
188 3461 255 3512 1541
324 3462 373 3513 415
391 3460 473 3527 leeea]
491 3460 550 3527 lege
568 3459 690 3522 (induet.)
707 3458 777 3511 laesa
794 3457 824 3510 44
891 3461 942 3513 did
958 3458 1066 3512 interim
1083 3459 1136 3511 alto

53 3527 322 3593 [respueruent
339 3528 444 3581 interior
453 3529 504 3580 alte
512 3527 612 3593 24οΠ
661 3530 711 3580 421
730 3527 783 3580 onis
798 3526 875 3579 codd.
885 3530 1007 3579 correxit
1017 3526 1135 3579 Bueche-

53 3600 128 3648 ler-ue
177 3597 227 3648 422
240 3595 272 3646 al'
283 3596 381 3663 appetit
398 3601 428 3647 ut
445 3601 506 3664 pute
524 3599 553 3663 (i.
564 3614 585 3648 e.
594 3600 667 3663 puto)
681 3595 710 3646 M
720 3598 739 3649 i.
749 3611 802 3661 mg.
853 3597 903 3649 423
921 3611 948 3649 n.
961 3601 1041 3648 terras
1054 3599 1134 3648 traus-

52 3664 120 3732 sugit
138 3668 162 3715 Φ
225 3666 276 3717 424
294 3670 321 3715 et
338 3679 389 3718 om.
406 3664 508 3716 2de
529 3664 592 3718 edd.
609 3663 645 3715 11²
661 3679 721 3730 cup.
739 3680 763 3719 u.
831 3666 882 3717 428
900 3669 926 3715 et
942 3665 1001 3719 434.
1021 3665 1071 3717 4³5
1095 3667 1135 3715 eie

52 3731 220 3794 adseruntur
234 3731 405 3784 aVr'reeentie
419 3731 603 3785 Belloaeeeme‘
615 3730 909 3800 epee.triet.lXe.113:
925 3729 1001 3784 ‘idem
1016 3730 1134 3797 (Seneca)

52 3803 79 3852 in
90 3798 208 3853 Octavia:
227 3799 327 3852 luxuria
338 3800 432 3853 blande
448 3801 538 3867 pestis.
557 3800 647 3856 victrix
662 3800 731 3852 orbis
747 3800 883 3854 immensas
900 3815 963 3869 opes
981 3800 1064 3853 everis
1082 3814 1134 3852 ma·

52 3869 130 3923 nibne
147 3875 177 3921 ut
194 3868 285 3936 perdat
302 3869 385 3937 repit’
443 3872 492 3923 433
511 3868 536 3922 d.
554 3884 617 3936 opee
631 3868 761 3937 potensN
778 3868 944 3937 dpatensM
993 3871 1044 3922 438
1061 3885 1133 3920 ecee·

51 3954 106 3988 nee
122 3941 282 4004 inemptum
300 3935 375 3990 Nero.
395 3937 541 3991 Praefectos
558 3940 608 4006 (pr.
621 3936 730 3989 militum
741 3938 773 4003 θ)
789 3937 886 3990 Seneca
938 3939 988 3991 439
1006 3937 1134 4004 Sillaeque

51 4006 131 4059 codd.
149 4008 186 4068 (et
202 4023 227 4058 υ.
244 4007 296 4058 465
314 4005 421 4071 Sillarn).
439 4035 473 4045 —-
491 4006 619 4060 abscisum
638 4004 749 4073 tout]
765 4006 906 4058 abscissum
924 4005 1020 4058 utcu

873 4089 927 4143 43*
