2652 4486
155 233 218 299 382
625 252 767 297 errorores

93 452 103 474 .
155 404 317 467 minuimus
338 402 427 464 verbo
451 420 475 464 r.
499 405 557 468 173
579 405 725 466 restituto.
768 403 847 466 deiri
871 412 1019 467 terrorum
1042 405 1231 467 infernalium

156 489 320 569 catalogum
355 505 461 550 eanum
491 487 700 552 Thebanorum
727 490 798 568 (doe
827 508 922 553 unum
954 508 1037 554 costes
1068 489 1232 571 impotem

156 574 323 655 siguificare
337 575 475 654 possunt)
489 572 604 637 uiuistu
620 574 793 637 incredibile
804 581 864 638 est:
880 574 986 638 latrare
998 585 1231 638 cousentaneum

156 658 282 722 Hecatae
310 676 409 721 canes.
464 676 534 738 ergo
563 659 669 722 amissa
698 669 743 722 est
776 660 835 722 loci
863 659 1002 723 indimtio
1036 679 1125 740 quam
1147 669 1230 723 antea

158 762 304 825 nusquam
328 741 435 806 omisit.

245 863 307 926 878
350 874 444 927 traseae
458 864 514 927 iam
529 862 673 943 Peiperus
688 862 846 944 proposuit
860 863 891 925 in
909 862 1008 944 suppl.
1024 864 1116 943 praei.
1132 883 1163 944 p.
1179 865 1228 928 33.

241 982 303 1045 956
346 981 379 1043 iti
397 981 545 1045 maritales
566 985 663 1044 stetim
682 978 687 1063 Ι
706 982 860 1060 fodientur
881 980 965 1045 oceli.

157 1065 356 1147 pulcherrima
385 1066 590 1130 emendatione
613 1065 774 1145 Madvigius
802 1067 985 1129 restituerat:
1017 1067 1048 1128 di
1073 1066 1228 1128 mauram.

156 1151 297 1214 adiecisse
313 1150 385 1213 mihi
400 1152 500 1214 videor
521 1149 600 1232 quod
623 1151 760 1214 relictum
776 1158 837 1213 erat
852 1151 1009 1214 scribendo
1031 1152 1063 1213 di
1075 1152 1228 1223 maritales,

156 1233 255 1299 setini
287 1236 440 1316 fodientur
461 1236 545 1300 cmii.
579 1236 941 1318 cressementum
962 1247 1018 1310 srt,·
1040 1238 1110 1317 quid
1131 1238 1228 1299 deiude

156 1318 268 1384 metri?
302 1323 363 1384 954
378 1332 406 1385 et
419 1323 572 1402 sieresetis
586 1319 650 1384 est?
682 1321 744 1385 eto
763 1321 883 1404 piosque
904 1341 990 1403 psum
1004 1325 1074 1384 sctis
1088 1331 1130 1384 est
1144 1323 1228 1401 (urit.

156 1406 279 1467 formam
295 1410 372 1468 sotr'rs
385 1415 488 1469 tuetur
503 1405 607 1468 similis
621 1405 712 1469 altera
733 1408 819 1469 eides
840 1405 953 1469 Phoen·
970 1406 1031 1471 394
1054 1405 1118 1468 ΗΟ.
1139 1408 1228 1471 1207.

573 1588 806 1660 cusmidem

243 1731 305 1793 240
351 1730 514 1808 reserarier
534 1726 618 1803 illuc,
640 1728 716 1790 onds
735 1744 796 1789 ooo
817 1728 910 1789 decuit
927 1730 1012 1808 prius

343 1814 437 1887 edim
458 1814 508 1876 ssd
527 1831 605 1876 seue
625 1824 702 1875 ceste
723 1823 871 1893 repetetur
891 1812 969 1892 rides

154 1900 203 1961 ssd
216 1916 306 1961 sensu
322 1899 358 1960 ad
373 1900 449 1962 sads
462 1916 521 1962 coo
535 1899 626 1961 decad
644 1897 723 1960 adire
737 1897 877 2001 pertinet,
900 1898 1125 1961 construetione
1139 1899 1230 1960 Grae·

155 1983 264 2046 canica.
294 1984 400 2047 videe.
418 2001 444 2063 g.
461 1983 535 2046 Xen.
551 1983 636 2045 anab
653 1981 749 2058 111,1,
766 1968 848 2068 trio
873 1979 909 2045 δέ
930 1979 1106 2068 victo
1125 1986 1230 2087 στρα-
1270 2034 1279 2057 ,

153 2074 211 2174 rapi
225 2063 633 2174 ,iieoomeio’Atirpooctogt
620 2062 658 2144 dg
681 2062 758 2132 edre
778 2066 1010 2173 στρατηῖὸς
987 2065 1064 2133 edre
1107 2068 1229 2175 οχαγὸς

155 2151 232 2219 οὔτε
256 2150 464 2262 στρατιώτης
486 2177 533 2217 ων
557 2149 813 2259 συνηκολούθει,
836 2147 920 2217 ἄλλα
935 2151 1108 2238 Πρόξενος
1128 2150 1229 2218 αὐτὸν

152 2243 395 2323 μετεπέμψατο
426 2236 567 2304 οἴκοθεν
591 2230 734 2320 ξένος
708 2261 754 2301 ων
777 2232 926 2321 ἀρχαῖος
970 2239 1001 2300 in
1024 2238 1150 2301 Etrusco
1173 2242 1229 2316 sed,

153 2343 214 2386 non
236 2324 296 2395 oei.
301 2325 375 2387 iilud
397 2325 538 2387 Gronovii
560 2333 657 2387 extare
680 2322 782 2385 monui
805 2323 817 2384 1
840 2343 869 2404 p.
893 2325 944 2388 32.

237 2446 299 2508 476
342 2444 478 2507 adversos
499 2443 578 2507 Esto
600 2443 744 2524 Zcpiymss
765 2454 792 2506 et
814 2443 920 2505 Boreae
941 2441 1043 2505 Notos.

153 2547 213 2590 non
228 2528 259 2590 in
273 2546 311 2591 eo
327 2528 504 2591 offendimus
520 2528 623 2609 quod
615 2548 645 2590 ιιι
662 2528 799 2608 sequenti
822 2528 1004 2608 tempestatis
1025 2527 1230 2609 descriptione

151 2613 246 2675 Notus
268 2621 297 2674 et
319 2614 418 2676 Eurus
440 2615 563 2689 iterum,
592 2612 643 2676 sed
667 2613 747 2694 quod
768 2613 807 2676 ita
830 2612 1022 2675 nominantur
1045 2614 1130 2687 (481.
1154 2615 1231 2691 482)

151 2698 236 2777 quasi
258 2717 340 2761 nuuc
362 2699 479 2761 demum
494 2699 590 2762 ventis
605 2698 728 2779 reliquis
744 2698 884 2760 accedent
907 2700 977 2773 (481
1003 2716 1055 2761 uec
1075 2713 1177 2762 merset
1200 2705 1231 2762 ιἰι

152 2782 277 2861 Austro).

238 2906 299 2968 566
343 2904 392 2966 sed
411 2913 514 2966 trueco
537 2913 594 2965 toto
612 2906 720 2984 puppis
741 2901 823 2963 ionio
845 2912 936 2964 metet.

152 2988 283 3067 quamvis
306 2988 475 3051 incuriosus
491 2988 529 3050 sit
544 2988 657 3049 Seneca
680 2988 813 3049 iocorum
832 2986 918 3060 situs,
941 2985 1022 3048 credi
1045 3003 1106 3047 non
1129 2995 1231 3066 potest

151 3072 302 3135 homiuem
325 3073 429 3134 Italum
452 3073 605 3154 ignorasse
628 3091 737 3136 nomen
759 3072 849 3134 maris
874 3071 959 3133 litora
983 3069 1081 3132 ltaliae
1102 3072 1229 3135 adluen-

152 3158 204 3233 tis;
235 3159 407 3240 praesertim
437 3178 504 3221 cum
526 3177 552 3219 v.
578 3161 639 3224 565
661 3158 742 3221 inter
764 3158 880 3220 lonium
911 3163 939 3218 et
961 3156 1120 3218 Phrixeum
1147 3175 1230 3220 mare

151 3242 270 3305 doctum
294 3243 452 3306 discrimen
475 3245 525 3307 iiat
547 3251 576 3305 et
598 3243 710 3305 Phoco.
734 3245 796 3306 616
819 3243 895 3305 lonii
917 3241 1007 3303 maris
1030 3259 1139 3303 nomen
1161 3242 1230 3305 sinc

54 3414 57 3421 y
152 3328 241 3391 dubio
265 3337 445 3410 corruptum
462 3330 508 3390 sit.

596 3494 785 3562 uetustus

238 3639 299 3699 300
498 3634 600 3698 liberos
622 3639 683 3697 cies
705 3635 789 3696 redes

337 3738 419 3799 prece
440 3720 662 3783 commovebunt.

152 3823 251 3866 rerum
275 3812 321 3866 est
342 3808 403 3866 eius
425 3804 482 3864 hoe
503 3823 564 3866 uuo
587 3805 653 3867 ioco
669 3804 699 3865 in
715 3805 845 3865 Senecae
861 3801 1022 3882 tragoediis
1037 3811 1150 3875 extare3
1172 3801 1227 3862 sed

152 3907 187 3948 eo
210 3907 271 3949 non
295 3889 389 3968 magis
410 3906 530 3950 moveor
551 3898 585 3951 ut
607 3889 742 3969 spurium
764 3886 903 3963 habeam,
927 3905 1015 3967 quam
1037 3906 1064 3947 v.
1090 3887 1169 3951 1652
1192 3894 1228 3946 ut

151 3972 448 4049 proceleusmaticum
462 3973 643 4053 improbem:
667 3973 767 4053 priore
782 3971 861 4034 enim
876 3972 942 4035 loeo
960 3971 1158 4034 necessarium
1181 3981 1229 4033 est
