2648 4478
196 220 237 282 64
566 236 605 278 ns
627 235 757 279 66116116
780 235 903 279 nerano.

196 386 263 463 Vll,
291 387 374 464 129).
423 386 535 448 Seneca
565 385 595 447 in
625 385 813 465 pedestribus
842 396 871 449 et
893 387 1054 468 praecipue
1083 388 1113 448 in
1137 386 1276 466 epistulis

195 471 273 535 haud
295 489 363 532 raro
385 471 462 533 idem
484 470 623 534 admittit:
647 471 733 553 epist.
749 472 834 545 22,7
858 483 990 553 enpcctos
1010 473 1147 551 forsitan.
1176 473 1231 547 26,
1257 472 1276 535 9

195 575 405 639 sapervacuum
432 557 560 635 forsitan
580 568 678 637 putes.
723 557 774 631 87,
800 560 839 621 14
866 557 918 619 ubi
943 560 1070 636 forsitan
1096 575 1156 618 non
1181 569 1276 638 potest
1314 580 1315 585 ¹

196 655 267 705 orte.
305 643 354 716 92,
382 642 420 705 18
442 641 522 707 nobis
542 642 668 721 forsitan
689 660 748 703 non
769 661 856 723 aeque
877 643 1003 722 adparet.
1043 641 1095 712 ΝΟ
1116 641 1152 715 ll,
1176 644 1273 719 32,7

196 727 381 789 submissiora
407 727 533 806 forsitan
557 730 679 807 propius
706 731 738 789 in
765 746 817 789 nos
838 731 898 789 aim
925 747 1009 790 mom
1034 728 1172 806 diriqunt
1217 745 1276 789 uec
1314 738 1315 795 t

23 816 28 827 “
140 866 147 873 ,
197 812 320 873 6166166
342 811 439 873 vitavit
461 812 491 872 in
514 811 688 890 tragoediis;
711 812 762 872 sed
785 819 818 873 ut
843 812 874 873 16
901 812 1039 875 omnibus
1067 820 1186 893 praeter
1207 811 1274 877 ΗΟ.
1314 824 1315 887 t

196 896 242 957 bis
263 896 443 958 inveniatur:
467 895 653 961 Phaeneas
676 896 729 958 tibi
738 908 825 983 ponet
839 899 947 973 odium,
970 903 1051 961 cuius
1065 897 1129 960 odio
1143 897 1276 976 forsitan

193 985 376 1063 persequitur
405 979 522 1044 omnes?
557 992 586 1044 et
608 981 682 1060 Thy.
706 983 765 1046 747
797 982 895 1045 obiecit
915 984 987 1063 feris
1010 982 1148 1045 laniando
1169 982 1275 1061 forsan
1314 992 1315 1047 t

197 1065 341 1148 corporo?
365 1067 395 1128 in
418 1065 546 1128 Hercule
570 1065 678 1127 Oetaeo
702 1074 824 1146 qnater:
1263 1112 1268 1116 -
1314 1062 1315 1101 1

305 1153 364 1215 361
389 1155 466 1233 ipsos
486 1155 648 1215 misericors
668 1153 773 1232 forsan
794 1171 950 1214 aerumnas
970 1164 1059 1213 amat.
1314 1190 1315 1223 1

306 1237 367 1300 768
389 1240 466 1316 ipsos
486 1237 614 1316 forsitan
636 1237 748 1316 trepida
769 1237 847 1299 colus
872 1235 969 1301 Clotbo
991 1256 1080 1299 manu
1098 1240 1221 1317 proiecit

286 1322 367 1385 1780
390 1330 469 1402 teque
490 1326 647 1383 uenientem
668 1323 761 1402 inferi
783 1326 902 1384 timuere
923 1323 1025 1402 forsan
1314 1328 1315 1357 1

286 1407 366 1469 1791
390 1407 516 1485 forsitan
533 1426 642 1486 poenas
661 1411 732 1488 petit
755 1409 842 1486 (petet
862 1407 898 1484 A)

198 1508 258 1571 quo
281 1490 393 1552 accedit
416 1492 495 1570 quod
519 1510 545 1552 1.
568 1492 630 1554 674
652 1492 715 1571 fors
738 1491 867 1571 positum
890 1500 936 1554 est
957 1509 1012 1570 pro
1039 1492 1159 1571 forsan.-
1314 1548 1315 1569 1

606 1578 655 1639 sed
676 1582 755 1639 iecur
775 1578 839 1657 fors
859 1577 1008 1640 borridum
1314 1572 1315 1629 l

401 1663 516 1741 flectam
537 1664 669 1724 merendo
694 1663 808 1742 (forsan
829 1661 866 1733 lli

201 1748 229 1809 id
252 1747 334 1827 quod
356 1747 435 1828 apud
451 1747 593 1808 Senecam
609 1765 756 1826 nusquam
770 1746 929 1822 invenitur,
952 1746 1003 1808 sed
1019 1747 1096 1826 apud
1112 1745 1272 1826 Vergilium
1314 1742 1315 1827 1

200 1853 226 1895 6.
249 1851 277 1910 g.
300 1850 366 1893 aen.
389 1831 426 1907 ll,
451 1833 521 1896 139.
554 1831 587 1908 V,
612 1833 683 1897 232.
728 1830 1272 1911 Η61611116166111611,28,311611
1314 1840 1315 1899 3

143 1964 147 1969 -
199 1930 226 1979 61
248 1917 340 1979 debito
361 1921 430 1978 iuro
451 1921 576 1996 vicesque
597 1916 734 1998 superbae
756 1928 783 1980 to
803 1928 941 1979 moneant
968 1920 1072 1997 ipsum.
1116 1936 1152 1978 ex
1181 1917 1271 1996 epicis
1314 1912 1315 1983 1

198 2012 268 2085 post
290 1998 450 2079 Vergilium
472 2002 658 2081 frequentius
684 2020 763 2063 unns
785 2001 911 2063 Statius:
943 2001 1035 2064 Theb.
1059 2001 1096 2078 ll,
1120 2005 1192 2067 361.
1224 2001 1271 2076 tv,
1314 1996 1315 2083 1

200 2091 273 2151 294.
303 2086 364 2162 Vll,
388 2088 459 2150 366.
489 2086 524 2161 Χ,
548 2088 621 2150 324.
666 2086 728 2149 6111.
751 2086 803 2163 111,
827 2091 854 2164 1,
881 2088 957 2163 162;
986 2089 1016 2161 4,
1040 2089 1075 2162 4;
1106 2085 1138 2162 1,
1162 2088 1191 2164 3,
1215 2088 1270 2162 62;
1314 2088 1315 2125 1

199 2172 233 2245 V,
256 2174 293 2247 4,
323 2175 361 2235 14
390 2191 425 2233 cx
453 2172 623 2234 coniectura
645 2171 817 2234 Marklandi.
840 2171 886 2233 bis
909 2170 1041 2235 Valerius
1063 2171 1186 2234 Flaccus
1209 2171 1270 2251 (Ill,

200 2260 272 2321 665.
305 2256 353 2333 111,
376 2256 462 2332 6211,
484 2276 631 2339 nusquam
654 2256 792 2319 Lucanus
814 2265 844 2318 61
866 2256 1010 2334 6111116111
1314 2248 1315 2333 1

285 2341 472 2421 pronominis
500 2343 665 2421 personalis
688 2360 774 2404 casus
796 2341 950 2420 genetivus
971 2341 1121 2407 interdum
1143 2343 1178 2403 arl
1201 2341 1270 2403 sub·
1314 2342 1315 2431 1

200 2426 358 2489 stantivum
381 2425 421 2487 ita
437 2426 548 2489 aceedit
564 2435 596 2488 ut
611 2427 688 2488 ultro
705 2445 772 2488 cnm
788 2427 966 2509 pronomine
981 2426 1148 2506 possessivo
1166 2425 1270 2489 mutari
1314 2434 1315 2491 l

199 2546 406 2557 ...p——.-.-

289 2610 319 2675 ¹²)
337 2625 471 2681 nusquam,
490 2611 510 2662 61
529 2611 631 2678 quidem
650 2609 695 2663 sit.
714 2611 776 2676 Vlll,
804 2615 850 2665 141
870 2614 922 2675 (me
940 2627 1045 2677 quaque
1062 2611 1120 2673 fors
1138 2611 1269 2676 quondam

202 2679 275 2729 dulei
291 2682 333 2728 eir
350 2685 430 2728 notus
449 2695 539 2729 amore
551 2680 684 2743 eupsetet)
696 2679 863 2746 interpolatus
875 2683 953 2731 estut
964 2684 1034 2730 16166
1045 2679 1117 2731 locus
1131 2681 1269 2733 145-225.

201 2762 251 2814 qua
270 2746 302 2799 16
319 2762 346 2797 16
364 2748 385 2798 61
404 2747 462 2814 quis
479 2746 561 2797 adhue
579 2747 678 2798 dubitet
696 2752 722 2798 et
738 2747 802 2798 illud
821 2748 903 2813 possit
921 2751 1070 2813 argumento
1092 2761 1149 2799 esse
1174 2752 1201 2798 61
1224 2746 1267 2797 alia

201 2814 326 2882 quaedam
345 2830 409 2881 quae
426 2815 553 2866 indicasse
572 2816 633 2867 satis
651 2815 706 2867 erit.
741 2831 765 2865 1.
779 2817 826 2867 199
845 2820 871 2864 et
886 2815 994 2881 placido
1017 2814 1132 2865 Teucros
1150 2815 1269 2875 adfarier

201 2900 262 2934 ore:
280 2882 398 2937 infinitivi
417 2883 510 2937 formes
527 2883 553 2934 in
571 2887 612 2934 ier
626 2883 753 2949 Vergilias
772 2882 874 2949 quibem
893 2883 938 2934 ltus
955 2883 1056 2937 admisit
1074 2886 1213 2948 accingier
1229 2883 1269 2946 11,

171 2963 172 2966 ’
200 2954 251 3005 493
270 2952 435 3003 dominarier
457 2951 722 3015 inthronisandus·
748 2950 1033 3016 1111149361161111161·
1058 2950 1269 3017 1111311666
1314 2936 1315 3013 1

201 3019 242 3083 Xl,
253 3021 301 3071 242
320 3023 487 3070 inmiscerier
504 3035 590 3086 georg.
600 3020 618 3083 l,
627 3023 678 3071 454
694 3024 720 3069 61
737 3020 813 3086 paulo
831 3019 917 3087 plures
933 3018 1051 3071 Horatius
1068 3021 1094 3071 in
1114 3019 1268 3071 sermonibus
1314 3018 1315 3079 1

201 3094 228 3138 61
249 3086 365 3152 epistulis
389 3088 539 3151 (laeedarier
562 3091 690 3138 sectoriae·
714 3088 826 3137 avellier
847 3092 994 3137 mercarier
1019 3091 1170 3153 torquerier·
1188 3087 1268 3137 labier
1314 3084 1315 3145 1

201 3154 315 3215 faterier
333 3159 480 3218 aurariae),
498 3170 550 3221 uno
568 3159 665 3205 tantum
684 3154 785 3206 166616
804 3156 957 3206 carminibus
975 3156 1028 3220 (IV,
1048 3159 1093 3219 11,
1112 3158 1127 3209 8
1149 3157 1268 3221 spargier
1314 3166 1315 3197 1

202 3222 298 3287 ogao);
317 3237 392 3288 quem
410 3229 514 3275 secutus
524 3227 563 3274 est
572 3223 674 3275 Persius
693 3224 775 3286 (128.
789 3224 925 3277 10116166.
942 3223 1060 3288 fallieris
1080 3223 1268 3277 011116661661
1314 3208 1315 3297 1

201 3297 228 3345 61
246 3290 391 3358 Propertius
409 3293 543 3353 (scitarier
560 3295 620 3342 1661.
638 3290 668 3356 ll,
686 3294 734 3343 141
757 3295 908 3358 torquerier
926 3291 965 3343 Pr.
983 3291 1025 3356 111,
1043 3295 1066 3350 b,
1085 3294 1128 3355 391
1146 3291 1195 3343 6161
1212 3289 1268 3356 quid
1314 3300 1315 3357 1

200 3374 242 3411 nte
264 3358 329 3424 iugit
352 3359 466 3424 singula,
489 3358 586 3409 nullum
605 3357 721 3410 Tibullus
743 3360 886 3426 exemplum
911 3359 1024 3427 praebet.
1061 3374 1092 3411 ex
1117 3360 1196 3426 epicis
1213 3361 1268 3427 post
1314 3360 1315 3381 ³

202 3426 342 3493 Vergilium
362 3430 459 3477 tantum
470 3426 585 3477 Valerius
596 3426 624 3491 ll,
642 3431 689 3479 421
711 3428 871 3493 nasongae,-
890 3427 934 3479 sed
954 3443 1001 3480 nee
1019 3428 1135 3480 Lucanus
1153 3426 1268 3483 666811·

201 3496 252 3546 tius
270 3510 317 3547 666
335 3493 413 3546 Silius
430 3494 479 3546 nisi
497 3495 546 3546 1166
563 3495 620 3561 ipso
638 3510 713 3548 16166
727 3494 787 3559 Vlll,
808 3498 942 3549 199.-1.
954 3497 1003 3547 218
1023 3511 1134 3561 eumque
1152 3497 1205 3546 olio
1223 3496 1268 3544 tibi

201 3563 336 3618 Flaminio
354 3569 418 3614 suut
435 3563 503 3617 bolla
519 3564 639 3628 geneda
657 3565 743 3616 colore
756 3579 807 3617 non
819 3565 907 3631 inepto
922 3563 1024 3631 quidem
1033 3563 1095 3617 11611
1102 3563 1156 3625 seb,
1175 3563 1196 3614 si
1208 3562 1267 3617 11166

201 3631 310 3698 genuina
329 3637 396 3694 sunt,
414 3636 515 3684 centnm
534 3647 653 3685 vemuum
670 3632 755 3698 spatio
774 3632 813 3685 bis
830 3639 967 3700 usurpato:
992 3649 1017 3684 1.
1036 3634 1086 3685 309
1104 3636 1267 3698 6666616116-

203 3715 253 3764 que
270 3701 317 3750 sub
335 3702 391 3750 ictu
410 3700 479 3751 altor
495 3700 662 3764 Flaminius,
679 3701 722 3752 ubi
740 3700 810 3751 alter
827 3701 920 3753 1661166
938 3699 1033 3751 dictum
1052 3704 1093 3752 661
1107 3714 1183 3766 quam
1201 3697 1267 3748 aliur

202 3782 227 3818 v.
247 3770 306 3818 218.
328 3766 421 3819 addere
438 3768 509 3834 plura
528 3783 636 3836 possem,
656 3768 700 3819 661
718 3783 785 3835 qnae
798 3769 845 3819 mai
893 3785 917 3820 m
936 3783 1012 3835 quam
1030 3783 1076 3835 par
1094 3774 1134 3820 est
1151 3764 1267 3819 sermonis

100 3860 102 3863 ·
202 3835 323 3885 ambitium
347 3835 395 3886 sibi
418 3838 585 3900 postularent.
628 3839 738 3888 ceterum
760 3852 850 3887 nonu
909 3837 971 3888 haec
994 3836 1019 3888 in
1042 3835 1097 3888 Silii
1120 3832 1267 3887 carminibus

202 3902 293 3955 lacuna
312 3906 364 3960 este
383 3904 471 3975 616116,
489 3904 611 3970 quidquid
629 3904 743 3957 oblocuti
760 3910 821 3959 sunt
838 3905 887 3956 viri
902 3905 979 3969 16611,
1003 3905 1068 3959 inter
1085 3904 1161 3966 xvir,
1178 3904 1225 3956 299
1243 3903 1267 3957 ei

203 3972 253 4023 292
270 3969 433 4033 16161611616;
458 3973 499 4022 661
516 3973 628 4024 16616166
645 3973 792 4025 sarciendae
810 3989 836 4025 1.
853 3975 902 4029 291
920 3973 1089 4040 interpolatus
1107 3979 1154 4024 est.
