2658 4488
554 241 696 285 THYES'I'ES

88 400 223 454 versatur
244 390 374 454 Atreus?
395 401 463 453 >tota
485 393 542 453 iam
565 402 633 454 ante
655 393 759 455 ocules
778 410 861 456 meos
922 436 926 442 -

89 479 188 557 imago
212 478 309 539 caedis
331 488 417 550 errat,
440 478 553 557 ingesta
576 479 686 539 orbitas

44 613 64 621 -
90 564 123 624 in
147 581 196 624 ora
219 563 312 644 patris
332 598 376 611 -
417 563 524 637 anime,
547 564 617 644 quid
639 583 744 626 rursus
764 565 850 627 times

92 657 123 709 et
144 655 211 709 ante
232 666 295 710 rem
318 645 465 710 subsidia?
493 649 660 710 audendum
683 660 736 726 est,
759 667 828 728 age:
943 725 946 731 1

93 733 171 813 qued
195 741 241 794 est
263 733 293 793 in
316 733 373 794 isto
396 733 507 794 scelere
529 734 720 814 praecipuum
745 738 837 811 nefas,

91 819 150 879 hoo
171 818 235 898 ipse
256 818 353 879 saciet.
398 836 458 879 sar.
502 818 560 879 Sed
583 819 691 898 quibus
710 830 816 901 eaptus
838 821 914 883 dolis

92 910 212 964 nostros
233 902 315 964 dabit
336 903 497 983 perductus
519 904 549 964 iu
572 903 694 984 laqueos
715 904 845 985 pedem?
869 952 872 957 «

91 988 212 1051 inimica
235 988 327 1050 credit
349 997 465 1049 cuncta.
508 1007 573 1048 nan.
616 988 683 1050 Non
706 1000 821 1070 poterat
843 991 919 1072 capi,

93 1073 150 1134 nisi
174 1091 279 1154 capere
301 1072 395 1134 vellet.
439 1092 531 1152 regna
554 1092 636 1135 nunc
657 1085 757 1155 sperat
777 1094 857 1138 mea:

92 1159 148 1219 hac
171 1176 223 1238 spe
245 1158 370 1224 minanti
392 1159 664 1220 fulmenoccurret
685 1159 755 1234 lovi,
918 1154 921 1164 ’

93 1244 149 1304 hac
172 1261 224 1323 spe
246 1242 357 1304 subibit
379 1244 504 1322 gurgitis
525 1244 630 1304 tumidi
651 1244 748 1305 minas

93 1327 276 1408 dubiumque
298 1327 423 1409 Libycae
446 1329 541 1408 Syrtis
562 1328 689 1389 intrabit
710 1331 830 1403 fretum,

94 1414 150 1475 bac
171 1431 235 1493 spe,
259 1414 337 1494 quod
360 1432 425 1475 esse
446 1414 604 1474 maximum
626 1416 709 1475 retur
729 1415 850 1487 malum,

93 1498 212 1559 fratrem
236 1497 354 1558 videbit.
398 1518 459 1560 sar.
502 1497 575 1568 Quis
596 1500 683 1559 fidem
707 1501 788 1580 pacis
810 1498 913 1561 dabit?

94 1583 143 1644 cui
164 1590 244 1643 tanta
268 1580 391 1644 credet?
431 1603 496 1644 aaa.
541 1582 665 1645 Credula
688 1594 732 1645 est
753 1603 821 1666 spes
842 1585 987 1667 improba.

95 1668 173 1729 natis
195 1675 294 1728 tamen
317 1668 452 1729 mandata
475 1686 549 1748 quae
570 1679 676 1749 patruo
699 1671 794 1731 ferant

3 1812 4 1817 ,
95 1753 243 1815 dabimus:
266 1753 377 1814 relictis
398 1753 466 1814 exul
487 1754 623 1834 hospitiis
643 1772 734 1833 vagus

93 1856 187 1917 regno
210 1848 243 1899 ut
264 1838 397 1899 miserias
418 1848 513 1899 mutet
534 1848 624 1918 atque
646 1844 742 1918 Argos
762 1851 845 1918 regat
899 1880 903 1887 »
938 1870 941 1875 ⁴

95 1943 131 1984 ex
153 1930 236 2004 parte
258 1924 405 1984 dominus.
450 1924 474 1984 si
497 1924 586 1984 nimis
608 1925 700 1985 dorus
723 1944 827 2006 prcccs

95 2016 216 2087 spernet
237 2006 390 2088 Thyestes,
411 2008 521 2069 liberos
543 2009 606 2069 cios
627 2010 716 2070 rudes

96 2093 239 2174 malisque
260 2093 355 2155 sessos
376 2094 513 2173 gmvibos
535 2086 565 2155 et
585 2094 686 2155 faciles
708 2096 772 2175 capi

96 2196 185 2260 precc
207 2179 449 2240 commovebunt:
472 2180 543 2240 hino
564 2189 648 2241 vetus
669 2181 753 2259 regni
775 2181 869 2255 furor,

96 2263 180 2325 illinc
201 2272 315 2341 egestas
336 2265 430 2326 tristis
451 2284 486 2326 ac
507 2265 600 2326 dorus
621 2264 706 2326 labor

97 2348 230 2429 quamvis
251 2349 396 2427 rigentem
418 2357 463 2410 tot
483 2351 568 2411 malis
590 2350 729 2429 subigent
750 2350 854 2411 virum.

96 2453 158 2495 sar.
207 2433 267 2494 lam
290 2440 407 2516 tempus
429 2434 470 2495 illi
492 2436 564 2496 fecit
585 2453 740 2497 aerumnas
754 2424 849 2499 'leves

97 2538 162 2581 arn.
206 2517 310 2578 Erras:
332 2519 479 2580 malorum
501 2538 606 2581 sensus
626 2520 768 2582 accrescit
789 2520 845 2581 die.

96 2603 161 2664 leve
183 2612 227 2663 est
247 2603 381 2665 miserias
402 2605 490 2678 ferre,
512 2606 645 2685 perferre
667 2616 710 2666 est
731 2624 827 2683 grave.

98 2707 158 2748 san.
205 2687 287 2749 Alios
307 2689 459 2751 ministros
480 2690 585 2751 consiti
607 2690 699 2751 tristis
719 2691 795 2768 lege

97 2792 163 2833 arn.
206 2772 310 2835 Peiora
333 2775 453 2835 iuvenes
475 2775 560 2836 facile
581 2783 738 2855 praecepta
761 2774 893 2836 audiunt.

98 2877 158 2919 sar.
204 2858 239 2919 In
262 2867 346 2939 patre
366 2860 476 2921 facient
498 2860 640 2940 quidquid
663 2860 694 2921 in
718 2867 823 2939 patruo
845 2860 948 2921 doces:

99 2961 186 3024 saepe
208 2943 239 3003 in
261 2944 434 3023 magistrum
455 2945 565 3007 scelera
587 2945 739 3006 redierunt
759 2963 822 3007 sua.

98 3047 163 3088 arn.
207 3027 244 3089 Vt
265 3047 353 3090 nemo
376 3031 480 3092 deceat
500 3031 611 3092 fraudis
633 3040 663 3091 et
684 3029 803 3091 sceleris
824 3029 894 3101 vias,

98 3130 224 3190 regnum
247 3113 373 3175 docebit.
417 3134 455 3176 ne
477 3116 546 3176 maii
567 3117 641 3179 fient
662 3111 771 3177 umes?

99 3206 271 3259 nascuntur.
315 3200 393 3261 istud
414 3203 493 3281 quod
515 3219 602 3262 rocas
624 3218 741 3262 saevum
763 3215 900 3281 asperum

98 3282 205 3364 agique
227 3283 300 3344 dure
322 3286 418 3347 credis
439 3298 467 3347 ct
489 3286 612 3349 nimium
634 3286 735 3365 impie,

100 3367 225 3429 fortasse
247 3377 277 3429 et
298 3369 359 3431 iilic
381 3370 487 3449 agitur.
531 3390 591 3431 sar.
635 3370 719 3431 Hane
742 3370 875 3433 fraudem
895 3367 990 3431 scient

100 3452 162 3512 nati
184 3450 305 3532 parari?
347 3476 412 3516 arn.
456 3456 555 3516 Tacita
575 3464 636 3516 tam
658 3454 781 3516 rudibus
802 3453 884 3515 fides

183 3641 237 3692 *aaa
254 3639 307 3705 ing.
326 3638 380 3690 orb.
396 3637 400 3704 Ι
415 3639 433 3691 i.
450 3654 474 3690 o.
492 3654 519 3705 p.
537 3655 588 3690 cm.
607 3640 632 3690 A
683 3642 733 3691 288
750 3637 844 3705 poterit
861 3640 881 3702 ς
931 3638 982 3689 290
999 3643 1062 3703 pert
1076 3652 1100 3690 a.
1117 3636 1170 3691 293

101 3706 127 3758 Ε
143 3707 293 3773 (penepdus
309 3705 375 3766 fert.
392 3713 453 3774 poet
469 3723 493 3759 o.
511 3707 572 3772 292,
659 3709 708 3760 302
726 3721 802 3775 prece
818 3704 986 3757 commovebo
1002 3704 1028 3755 E
1051 3708 1172 3756 conenit

103 3774 246 3826 Muellerus
264 3776 298 3825 de
314 3790 344 3824 re
360 3781 437 3826 metr.
447 3777 536 3839 p.167
553 3775 813 3841 praecommovebunt
829 3774 855 3824 A
871 3786 947 3840 prece
964 3776 1063 3839 (preces
1080 3775 1170 3824 Aeon·
1266 3794 1267 3798 ¹

101 3846 166 3907 tien)
182 3842 324 3895 movebunt
341 3845 361 3907 ς
418 3846 468 3897 303
485 3843 544 3894 binc
561 3843 640 3895 durus
658 3843 734 3894 cedd.
753 3845 873 3892 cerreeit
889 3840 1004 3892 Betbr'ur
1060 3843 1110 3895 306
1127 3856 1171 3893 ac-

100 3911 193 3963 cressit
209 3911 235 3962 Ε
302 3912 349 3964 307
371 3915 410 3964 eet
433 3913 548 3962 alteram
565 3927 617 3964 em.
636 3912 661 3962 A
737 3913 786 3964 308
805 3909 918 3962 consiliis
935 3912 955 3974 ς
972 3908 1082 3974 (consilii
1098 3908 1124 3960 Ε
1139 3915 1172 3978 ot

100 3981 209 4045 ubique)
244 3981 294 4032 309
306 3994 382 4032 sermo
395 3981 606 4031 continuatum
652 3981 785 4032 317-321
799 3977 956 4031 tellesaerec
965 3977 1173 4030 continuatum
