2720 4488
199 224 259 286 154
582 241 610 282 u.
634 239 738 283 aurunt
758 239 885 285 senecae

195 390 248 454 tibi
269 398 369 453 mutor
390 390 454 452 uni.
500 399 578 452 certa
600 391 739 454 descendi
761 392 799 454 ad
820 410 940 473 preces·

194 479 284 540 finem
306 477 354 537 hic
377 474 471 537 dolori
493 475 581 539 saciet
601 487 653 539 aut
675 478 749 539 vitae
771 477 844 539 dies.

194 561 336 623 miserere
358 560 548 623 amantis—
592 580 672 625 amr.
712 562 818 643 ldagoe
840 573 980 641 regnator
1002 565 1100 639 deum,

27 630 80 685 ³·
99 638 168 681 Μ
159 656 253 709 tam
276 646 376 715 lentus
396 645 482 708 audis
504 644 638 708 scelera?
660 656 719 709 tom
741 647 841 710 lentus
863 647 968 711 vides?

195 740 225 795 et
239 732 358 812 quando
380 750 463 793 saeva
484 730 597 793 dulmen
621 734 736 794 emittes
758 750 859 809 mauu,

195 818 221 879 si
243 836 325 879 nunc
347 835 486 878 serenum
510 814 577 878 est?
599 817 697 879 omnis
718 818 866 898 impulsus
888 829 955 881 ruat

194 903 295 965 aether
316 912 345 965 et
367 902 438 964 atris
460 901 590 964 nubibus
613 902 721 965 condat
742 903 830 978 diem,

194 1006 228 1050 ao
251 1006 332 1050 versa
355 996 433 1048 retro
457 987 553 1048 sidera
576 986 712 1067 obliquos
735 999 824 1068 agant
979 1054 982 1059 ,

195 1081 304 1135 retorta
326 1091 442 1134 cursus.
486 1081 590 1151 tuque,
612 1072 760 1145 sidereum
783 1083 881 1154 caput,

194 1159 304 1220 radiate
326 1157 424 1232 Titan,
447 1167 479 1219 tu
503 1158 586 1219 nesus
600 1158 710 1238 ¹stirpis
733 1168 800 1221 tuae

194 1239 370 1324 speculare?
393 1242 490 1303 lucem
512 1259 613 1322 merge
635 1252 664 1305 et
686 1245 717 1306 in
740 1244 878 1307 tenebras
900 1245 979 1323 luge.

194 1347 248 1390 cur
269 1328 379 1402 dextra,
402 1327 501 1388 divum
523 1338 622 1390 rector
643 1338 732 1408 atque
754 1329 919 1406 homiuum,
942 1339 1022 1392 vacat

192 1424 243 1475 tua
266 1432 322 1475 nec
344 1412 464 1476 trisulca
486 1414 617 1475 mundus
639 1413 766 1476 ardescit
790 1413 876 1477 lace?

140 1499 874 1619 ⁴memQ'mmmm

142 1593 358 1673 “qtransaotus
381 1582 524 1661 ignis-
482 1602 626 1644 -sum
624 1602 757 1659 nocens,
780 1585 875 1647 merui
898 1586 990 1646 mori.

166 1626 291 1750 ”placui
314 1686 467 1730 novercae.
534 1668 643 1747 dignus
665 1689 703 1731 en
726 1670 838 1750 stupris
860 1668 939 1750 ego?

193 1754 358 1833 scelerique
380 1762 462 1814 tanto
484 1753 564 1816 visus
587 1773 642 1833 ego
665 1755 747 1816 solus
769 1754 823 1816 tibi

192 1839 348 1902 material
334 1836 449 1901 lacilisl
472 1838 529 1901 hoc
552 1856 636 1901 meus
658 1839 767 1908 meruit
789 1838 893 1919 rigor?

193 1924 346 1986 oscelere
367 1924 490 1985 vincens
512 1942 600 1986 omne
623 1925 784 1988 femineum
813 1944 960 2027 genus,

193 1997 348 2106 genetrice
364 2009 463 2088 peiuri
487 2008 536 2071 illa
558 2028 591 2070 se
612 2019 728 2072 tantum
751 2022 855 2091 stupro
921 1978 1113 2128 quuall

193 2090 410 2169 contaminavit,
434 2104 463 2156 et
487 2102 585 2156 tamen
607 2095 728 2157 tacitum
751 2095 801 2158 diu

193 2181 306 2242 crimen
328 2179 448 2240 biformi
471 2188 573 2259 partus
596 2180 729 2268 exhibuit
750 2189 820 2242 nota

81 2264 351 2343 uwttscelusque
373 2265 476 2327 matris
497 2265 595 2343 arguit
616 2250 700 2327 vultu
722 2267 799 2327 truci

193 2349 349 2429 ambiguus
371 2349 532 2421 inlans-
556 2350 605 2411 ille
627 2358 656 2412 te
678 2360 781 2413 venter
803 2351 879 2412 tulit.

133 2432 136 2437 ’
193 2455 211 2497 o
233 2445 277 2498 ter
300 2443 463 2515 quaterque
485 2452 630 2532 prospero
653 2436 712 2496 lato
736 2435 796 2496 dati
861 2420 887 2496 i

194 2540 269 2601 quos
290 2520 389 2582 hausit
411 2529 441 2582 et
462 2519 588 2600 peremit
610 2528 640 2581 et
660 2520 719 2581 leto
742 2520 821 2582 dedit

195 2607 294 2668 odium
318 2606 527 2685 dolusque-
549 2605 676 2702 genitor,
699 2605 816 2666 invideo
843 2605 911 2668 tibi.
986 2660 990 2675 ,

194 2690 334 2753 Colchide
356 2707 482 2752 noverca
505 2691 599 2752 maius
620 2690 702 2767 haec,
725 2677 821 2752 maius'
843 2692 952 2753 malum
974 2699 1028 2752 est.

192 2796 238 2838 en.
307 2776 374 2837 Et
366 2794 429 2856 ipsa
451 2783 570 2837 nostrae
591 2775 649 2837 lata
671 2794 820 2856 cognosco
843 2776 961 2838 domus:

192 2861 330 2942 fugienda
353 2860 495 2941 petimus3
519 2861 570 2923 sed
592 2862 650 2923 mei
673 2881 733 2923 non
756 2879 822 2922 sum
846 2870 962 2941 potens.

192 2955 222 3008 te
244 2946 289 3008 vel
311 2963 366 3025 per
387 2945 482 3023 ignes,
504 2963 559 3025 per
579 2965 660 3009 mare
682 2946 820 3009 insanum
844 2964 952 3027 sequar

191 3049 343 3111 rupesque
366 3039 396 3091 et
417 3048 528 3104 amnes,
552 3032 630 3093 unda
653 3049 728 3110 quos
751 3041 870 3094 torrens
893 3032 983 3111 rapit;

192 3133 379 3196 quacumque
401 3133 521 3192 gressus
542 3117 646 3177 tuleris
667 3117 722 3177 hac
744 3135 846 3178 amens
868 3135 938 3196 agar
960 3147 1003 3162 -

192 3200 309 3275 iterum,
332 3200 471 3278 superbe,
495 3199 620 3278 genibus
642 3201 780 3262 advolvor
802 3201 871 3263 tuis.

192 3436 207 3474 o
224 3418 307 3472 maius
324 3432 386 3471 ausa
404 3421 485 3471 matre
501 3418 661 3471 monstrifera
680 3417 775 3470 malum
1223 3429 1269 3472 688

277 3641 326 3693 669
348 3635 547 3692 mittorA.-
571 3636 684 3690 discendi
708 3638 733 3689 Ε
830 3641 878 3691 671
903 3653 993 3690 russo.
1016 3652 1108 3704 magns
1129 3637 1155 3689 Ε
1183 3639 1268 3701 (corr.

176 3724 286 3760 'manua
311 3706 578 3773 depraecatio
596 3706 658 3771 574)
763 3709 813 3760 ote
831 3706 964 3774 ecquando
988 3706 1098 3771 uulgo(
1088 3709 1160 3773 (post
1177 3707 1268 3757 Avan-

192 3778 334 3843 tium).-
358 3775 453 3828 emittis
474 3775 500 3825 Ε
568 3778 617 3828 676
641 3789 672 3827 ac
695 3773 829 3826 vestrald
898 3778 982 3828 fitis
970 3774 1100 3842 syderium
1122 3774 1147 3825 tt
1216 3777 1267 3827 678

191 3845 288 3897 radiate
312 3847 412 3895 tautum
435 3858 467 3896 ne
490 3843 561 3896 nelos
585 3842 609 3894 u
678 3844 729 3895 684
747 3844 788 3905 eu]
811 3856 844 3894 au
866 3843 893 3893 A
960 3845 1010 3897 688
1034 3842 1132 3894 deleuit
1153 3842 1268 3895 Botulus

193 3916 241 3964 691
261 3911 374 3963 biformis
393 3912 417 3962 A
434 3911 541 3963 triformi
554 3910 579 3961 E
648 3914 697 3965 695
716 3911 784 3962 ausit
802 3909 826 3961 lt
896 3914 944 3964 697
965 3909 1097 3963 cholchide
1115 3910 1147 3962 ld.
1165 3941 1199 3950 -
1216 3911 1267 3962 hoc

192 3979 267 4029 codd.
287 3982 408 4030 correuit
425 3977 460 4031 N.
478 3979 602 4031 Heinsius
620 3980 680 4032 adu.
698 3996 725 4045 p.
743 3980 778 4032 68
853 3981 902 4033 vm
922 3994 1008 4047 amous
1026 3993 1119 4047 sequar
1136 3980 1161 4031 A
