<?xml version="1.0" encoding="UTF-8"?>
<!DOCTYPE html PUBLIC "-//W3C//DTD XHTML 1.0 Transitional//EN"
    "http://www.w3.org/TR/xhtml1/DTD/xhtml1-transitional.dtd">
<html xmlns="http://www.w3.org/1999/xhtml" xml:lang="en" lang="en">
 <head>
  <title>
</title>
<meta http-equiv="Content-Type" content="text/html;charset=utf-8" />
  <meta name='ocr-system' content='tesseract 3.04.00' />
  <meta name='ocr-capabilities' content='ocr_page ocr_carea ocr_par ocr_line ocrx_word'/>
</head>
<body>
  <div class='ocr_page' id='page_1' title='image "./lannaeisenecaet00leogoog_0167.png"; bbox 0 0 2686 4482; ppageno 0'>
   <div class='ocr_carea' id='block_1_1' title="bbox 154 176 895 241">
    <p class='ocr_par' dir='ltr' id='par_1_1' title="bbox 154 176 895 241">
     <span class='ocr_line' id='line_1_1' title="bbox 154 176 895 241; baseline -0.007 0"><span class='ocrx_word' id='word_1_1' title='bbox 154 180 214 241; x_wconf 86' lang='grc'>154</span> <span class='ocrx_word' id='word_1_2' title='bbox 395 176 398 180; x_wconf 71' lang='grc'><strong>’</strong></span> <span class='ocrx_word' id='word_1_3' title='bbox 483 195 520 237; x_wconf 77' lang='lat' dir='ltr'>nn</span> <span class='ocrx_word' id='word_1_4' title='bbox 542 192 701 236; x_wconf 79' lang='lat' dir='ltr'>eneconem</span> <span class='ocrx_word' id='word_1_5' title='bbox 725 193 895 237; x_wconf 74' lang='lat' dir='ltr'>enecantes.</span> 
     </span>
    </p>
   </div>
   <div class='ocr_carea' id='block_1_2' title="bbox 150 342 1230 511">
    <p class='ocr_par' dir='ltr' id='par_1_2' title="bbox 150 342 1230 511">
     <span class='ocr_line' id='line_1_2' title="bbox 151 342 1230 425; baseline -0.001 -18"><span class='ocrx_word' id='word_1_6' title='bbox 151 345 352 407; x_wconf 87' lang='lat' dir='ltr'>Romanorum</span> <span class='ocrx_word' id='word_1_7' title='bbox 375 345 469 425; x_wconf 89' lang='lat' dir='ltr'>quivis</span> <span class='ocrx_word' id='word_1_8' title='bbox 491 344 522 406; x_wconf 94' lang='lat' dir='ltr'>in</span> <span class='ocrx_word' id='word_1_9' title='bbox 545 345 602 405; x_wconf 90' lang='lat' dir='ltr'>hoc</span> <span class='ocrx_word' id='word_1_10' title='bbox 625 362 711 406; x_wconf 85' lang='lat' dir='ltr'>versu</span> <span class='ocrx_word' id='word_1_11' title='bbox 734 344 834 406; x_wconf 85' lang='lat' dir='ltr'>Severi</span> <span class='ocrx_word' id='word_1_12' title='bbox 857 344 1026 421; x_wconf 76' lang='lat' dir='ltr'>meminisse</span> <span class='ocrx_word' id='word_1_13' title='bbox 1049 342 1230 421; x_wconf 69' lang='lat' dir='ltr'>debebat⁸);</span> 
     </span>
     <span class='ocr_line' id='line_1_3' title="bbox 150 429 1229 511; baseline -0.002 -20"><span class='ocrx_word' id='word_1_14' title='bbox 150 449 278 510; x_wconf 85' lang='lat' dir='ltr'>quorum</span> <span class='ocrx_word' id='word_1_15' title='bbox 300 430 332 491; x_wconf 94' lang='lat' dir='ltr'>in</span> <span class='ocrx_word' id='word_1_16' title='bbox 353 430 475 492; x_wconf 89' lang='lat' dir='ltr'>auribus</span> <span class='ocrx_word' id='word_1_17' title='bbox 498 437 682 511; x_wconf 79' lang='lat' dir='ltr'><strong>quantopere</strong></span> <span class='ocrx_word' id='word_1_18' title='bbox 703 429 769 490; x_wconf 87' lang='lat' dir='ltr'>talia</span> <span class='ocrx_word' id='word_1_19' title='bbox 790 430 939 492; x_wconf 76' lang='lat' dir='ltr'><strong>haeserint</strong></span> <span class='ocrx_word' id='word_1_20' title='bbox 954 446 990 490; x_wconf 80' lang='lat' dir='ltr'>ex</span> <span class='ocrx_word' id='word_1_21' title='bbox 1005 431 1117 492; x_wconf 87' lang='lat' dir='ltr'>Seneca</span> <span class='ocrx_word' id='word_1_22' title='bbox 1138 440 1229 509; x_wconf 87' lang='lat' dir='ltr'>patre</span> 
     </span>
    </p>
   </div>
   <div class='ocr_carea' id='block_1_3' title="bbox 151 514 1336 596">
    <p class='ocr_par' dir='ltr' id='par_1_3' title="bbox 151 514 1336 596">
     <span class='ocr_line' id='line_1_4' title="bbox 151 514 1336 596; baseline -0.001 -20"><span class='ocrx_word' id='word_1_23' title='bbox 151 517 336 596; x_wconf 87' lang='lat' dir='ltr'>potissimum</span> <span class='ocrx_word' id='word_1_24' title='bbox 359 516 478 578; x_wconf 90' lang='lat' dir='ltr'>scimus.</span> <span class='ocrx_word' id='word_1_25' title='bbox 515 516 595 594; x_wconf 90' lang='lat' dir='ltr'>qaod</span> <span class='ocrx_word' id='word_1_26' title='bbox 618 514 711 594; x_wconf 84' lang='lat' dir='ltr'>magis</span> <span class='ocrx_word' id='word_1_27' title='bbox 733 514 877 576; x_wconf 75' lang='lat' dir='ltr'>etiamne</span> <span class='ocrx_word' id='word_1_28' title='bbox 899 515 990 576; x_wconf 83' lang='lat' dir='ltr'>altero</span> <span class='ocrx_word' id='word_1_29' title='bbox 1013 515 1070 576; x_wconf 89' lang='lat' dir='ltr'>hoc</span> <span class='ocrx_word' id='word_1_30' title='bbox 1087 516 1230 595; x_wconf 86' lang='lat' dir='ltr'>exemplo</span> <span class='ocrx_word' id='word_1_31' title='bbox 1335 572 1336 575; x_wconf 74' lang='grc'>,</span> 
     </span>
    </p>
   </div>
   <div class='ocr_carea' id='block_1_4' title="bbox 86 598 1231 2378">
    <p class='ocr_par' dir='ltr' id='par_1_4' title="bbox 86 598 1231 1259">
     <span class='ocr_line' id='line_1_5' title="bbox 152 598 1229 680; baseline 0.001 -22"><span class='ocrx_word' id='word_1_32' title='bbox 152 601 224 663; x_wconf 85' lang='lat' dir='ltr'>valet</span> <span class='ocrx_word' id='word_1_33' title='bbox 239 609 328 674; x_wconf 81' lang='lat' dir='ltr'>(suas.</span> <span class='ocrx_word' id='word_1_34' title='bbox 341 598 377 678; x_wconf 88' lang='lat' dir='ltr'>ll,</span> <span class='ocrx_word' id='word_1_35' title='bbox 391 603 456 676; x_wconf 73' lang='lat' dir='ltr'>tal:</span> <span class='ocrx_word' id='word_1_36' title='bbox 471 599 559 662; x_wconf 77' lang='lat' dir='ltr'>&#39;Latro</span> <span class='ocrx_word' id='word_1_37' title='bbox 575 604 607 662; x_wconf 80' lang='lat' dir='ltr'>in</span> <span class='ocrx_word' id='word_1_38' title='bbox 621 599 673 662; x_wconf 79' lang='lat' dir='ltr'>aaa</span> <span class='ocrx_word' id='word_1_39' title='bbox 687 605 819 662; x_wconf 79' lang='lat' dir='ltr'>suasoria</span> <span class='ocrx_word' id='word_1_40' title='bbox 830 601 872 675; x_wconf 89' lang='lat' dir='ltr'>(in</span> <span class='ocrx_word' id='word_1_41' title='bbox 886 618 942 680; x_wconf 85' lang='lat' dir='ltr'>qua</span> <span class='ocrx_word' id='word_1_42' title='bbox 955 600 1117 662; x_wconf 72' lang='lat' dir='ltr'>doluerant</span> <span class='ocrx_word' id='word_1_43' title='bbox 1128 600 1229 660; x_wconf 87' lang='lat' dir='ltr'>Ther·</span> 
     </span>
     <span class='ocr_line' id='line_1_6' title="bbox 150 684 1229 767; baseline -0.001 -20"><span class='ocrx_word' id='word_1_44' title='bbox 150 686 276 767; x_wconf 79' lang='lat' dir='ltr'>mopylis</span> <span class='ocrx_word' id='word_1_45' title='bbox 299 687 430 748; x_wconf 80' lang='lat' dir='ltr'>Lacones</span> <span class='ocrx_word' id='word_1_46' title='bbox 452 705 490 747; x_wconf 89' lang='lat' dir='ltr'>an</span> <span class='ocrx_word' id='word_1_47' title='bbox 513 685 569 746; x_wconf 91' lang='lat' dir='ltr'>sibi</span> <span class='ocrx_word' id='word_1_48' title='bbox 590 703 711 766; x_wconf 86' lang='lat' dir='ltr'>quoque</span> <span class='ocrx_word' id='word_1_49' title='bbox 732 684 906 764; x_wconf 79' lang='lat' dir='ltr'>fugiendam</span> <span class='ocrx_word' id='word_1_50' title='bbox 929 685 1061 761; x_wconf 79' lang='lat' dir='ltr'>sitleam</span> <span class='ocrx_word' id='word_1_51' title='bbox 1076 697 1229 747; x_wconf 74' lang='lat' dir='ltr'>tractasset</span> 
     </span>
     <span class='ocr_line' id='line_1_7' title="bbox 151 770 1230 852; baseline -0.003 -17"><span class='ocrx_word' id='word_1_52' title='bbox 151 778 249 835; x_wconf 82' lang='lat' dir='ltr'>omnia</span> <span class='ocrx_word' id='word_1_53' title='bbox 271 790 340 852; x_wconf 80' lang='lat' dir='ltr'>quae</span> <span class='ocrx_word' id='word_1_54' title='bbox 361 776 483 833; x_wconf 81' lang='lat' dir='ltr'>materia</span> <span class='ocrx_word' id='word_1_55' title='bbox 504 770 638 851; x_wconf 83' lang='lat' dir='ltr'>capiebat,</span> <span class='ocrx_word' id='word_1_56' title='bbox 657 788 739 851; x_wconf 85' lang='lat' dir='ltr'>passe</span> <span class='ocrx_word' id='word_1_57' title='bbox 760 776 835 851; x_wconf 81' lang='lat' dir='ltr'>ipsas</span> <span class='ocrx_word' id='word_1_58' title='bbox 857 783 886 833; x_wconf 84' lang='lat' dir='ltr'>et</span> <span class='ocrx_word' id='word_1_59' title='bbox 904 775 1023 845; x_wconf 80' lang='lat' dir='ltr'>vincere,</span> <span class='ocrx_word' id='word_1_60' title='bbox 1042 790 1128 852; x_wconf 85' lang='lat' dir='ltr'>posse</span> <span class='ocrx_word' id='word_1_61' title='bbox 1150 782 1230 832; x_wconf 83' lang='lat' dir='ltr'>certe</span> 
     </span>
     <span class='ocr_line' id='line_1_8' title="bbox 86 854 1231 937; baseline -0.002 -19"><span class='ocrx_word' id='word_1_62' title='bbox 86 892 92 899; x_wconf 89' lang='lat'><strong>·</strong></span> <span class='ocrx_word' id='word_1_63' title='bbox 151 862 270 920; x_wconf 78' lang='lat' dir='ltr'>inuictos</span> <span class='ocrx_word' id='word_1_64' title='bbox 290 861 398 918; x_wconf 81' lang='lat' dir='ltr'>reuerti</span> <span class='ocrx_word' id='word_1_65' title='bbox 419 856 550 937; x_wconf 74' lang='lat' dir='ltr'>beneficia</span> <span class='ocrx_word' id='word_1_66' title='bbox 573 855 642 930; x_wconf 84' lang='lat' dir='ltr'>laci,</span> <span class='ocrx_word' id='word_1_67' title='bbox 671 867 733 917; x_wconf 88' lang='lat' dir='ltr'>turn</span> <span class='ocrx_word' id='word_1_68' title='bbox 759 854 839 918; x_wconf 81' lang='lat' dir='ltr'>illam</span> <span class='ocrx_word' id='word_1_69' title='bbox 860 860 1029 918; x_wconf 83' lang='lat' dir='ltr'>sententiam</span> <span class='ocrx_word' id='word_1_70' title='bbox 1050 859 1168 918; x_wconf 79' lang='lat' dir='ltr'>aannt:</span> <span class='ocrx_word' id='word_1_71' title='bbox 1198 860 1231 917; x_wconf 81' lang='lat' dir='ltr'>si</span> 
     </span>
     <span class='ocr_line' id='line_1_9' title="bbox 150 936 1228 1022; baseline -0.002 -20"><span class='ocrx_word' id='word_1_72' title='bbox 150 941 228 1004; x_wconf 75' lang='lat' dir='ltr'>eruet</span> <span class='ocrx_word' id='word_1_73' title='bbox 247 943 337 1015; x_wconf 83' lang='lat' dir='ltr'>aliud,</span> <span class='ocrx_word' id='word_1_74' title='bbox 360 936 466 1004; x_wconf 68' lang='lat' dir='ltr'>erimus</span> <span class='ocrx_word' id='word_1_75' title='bbox 488 950 561 1003; x_wconf 87' lang='lat' dir='ltr'>certe</span> <span class='ocrx_word' id='word_1_76' title='bbox 584 940 651 1003; x_wconf 79' lang='lat' dir='ltr'>tetta</span> <span class='ocrx_word' id='word_1_77' title='bbox 670 960 761 1003; x_wconf 87' lang='lat' dir='ltr'>mara.</span> <span class='ocrx_word' id='word_1_78' title='bbox 803 951 901 1022; x_wconf 85' lang='lat' dir='ltr'>pastea</span> <span class='ocrx_word' id='word_1_79' title='bbox 922 944 1042 1003; x_wconf 84' lang='lat' dir='ltr'>rnernr&#39;nr&#39;</span> <span class='ocrx_word' id='word_1_80' title='bbox 1061 943 1228 1002; x_wconf 68' lang='lat' dir='ltr'>auditorem</span> 
     </span>
     <span class='ocr_line' id='line_1_10' title="bbox 151 1025 1230 1107; baseline 0 -21"><span class='ocrx_word' id='word_1_81' title='bbox 151 1025 284 1089; x_wconf 79' lang='lat' dir='ltr'>Latronis</span> <span class='ocrx_word' id='word_1_82' title='bbox 304 1026 479 1088; x_wconf 78' lang='lat' dir='ltr'>Arirana&#39;unt</span> <span class='ocrx_word' id='word_1_83' title='bbox 501 1025 626 1088; x_wconf 80' lang='lat' dir='ltr'>Silaneua</span> <span class='ocrx_word' id='word_1_84' title='bbox 651 1037 766 1107; x_wconf 85' lang='lat' dir='ltr'>patrem</span> <span class='ocrx_word' id='word_1_85' title='bbox 793 1026 879 1088; x_wconf 77' lang='lat' dir='ltr'>huius</span> <span class='ocrx_word' id='word_1_86' title='bbox 906 1025 1013 1088; x_wconf 78' lang='lat' dir='ltr'>Salonis</span> <span class='ocrx_word' id='word_1_87' title='bbox 1042 1030 1093 1106; x_wconf 83' lang='lat' dir='ltr'>qui</span> <span class='ocrx_word' id='word_1_88' title='bbox 1115 1035 1230 1105; x_wconf 86' lang='lat' dir='ltr'>panta-</span> 
     </span>
     <span class='ocr_line' id='line_1_11' title="bbox 151 1111 1229 1192; baseline -0.004 -19"><span class='ocrx_word' id='word_1_89' title='bbox 151 1117 247 1174; x_wconf 81' lang='lat' dir='ltr'>rne&#39;nu&#39;s</span> <span class='ocrx_word' id='word_1_90' title='bbox 274 1111 390 1191; x_wconf 76' lang='lat' dir='ltr'>fabulas</span> <span class='ocrx_word' id='word_1_91' title='bbox 417 1115 529 1192; x_wconf 76' lang='lat' dir='ltr'>scripsit</span> <span class='ocrx_word' id='word_1_92' title='bbox 554 1146 607 1181; x_wconf 89' lang='lat'>-‚</span> <span class='ocrx_word' id='word_1_93' title='bbox 637 1115 757 1172; x_wconf 85' lang='lat' dir='ltr'>recitare</span> <span class='ocrx_word' id='word_1_94' title='bbox 787 1129 900 1172; x_wconf 86' lang='lat' dir='ltr'>carmen</span> <span class='ocrx_word' id='word_1_95' title='bbox 922 1115 954 1172; x_wconf 82' lang='lat' dir='ltr'>in</span> <span class='ocrx_word' id='word_1_96' title='bbox 976 1129 1029 1192; x_wconf 83' lang='lat' dir='ltr'>praa</span> <span class='ocrx_word' id='word_1_97' title='bbox 1052 1115 1229 1190; x_wconf 73' lang='lat' dir='ltr'>synonimus</span> 
     </span>
     <span class='ocr_line' id='line_1_12' title="bbox 150 1195 1085 1259; baseline -0.003 -2"><span class='ocrx_word' id='word_1_98' title='bbox 150 1215 263 1258; x_wconf 83' lang='lat' dir='ltr'>sensum</span> <span class='ocrx_word' id='word_1_99' title='bbox 285 1195 419 1259; x_wconf 82' lang='lat' dir='ltr'>Latronis</span> <span class='ocrx_word' id='word_1_100' title='bbox 441 1200 473 1258; x_wconf 83' lang='lat' dir='ltr'>r&#39;n</span> <span class='ocrx_word' id='word_1_101' title='bbox 493 1195 536 1257; x_wconf 83' lang='lat' dir='ltr'>lu’s</span> <span class='ocrx_word' id='word_1_102' title='bbox 558 1195 703 1258; x_wconf 72' lang='lat' dir='ltr'>omnbus:</span> <span class='ocrx_word' id='word_1_103' title='bbox 1082 1216 1085 1221; x_wconf 55' lang='lat'><em>⁴</em></span> 
     </span>
    </p>

    <p class='ocr_par' dir='ltr' id='par_1_5' title="bbox 355 1279 1137 1361">
     <span class='ocr_line' id='line_1_13' title="bbox 355 1279 1137 1361; baseline -0.003 -18"><span class='ocrx_word' id='word_1_104' title='bbox 355 1287 393 1343; x_wconf 86' lang='lat' dir='ltr'>ite</span> <span class='ocrx_word' id='word_1_105' title='bbox 415 1286 498 1361; x_wconf 78' lang='lat' dir='ltr'>apiae,</span> <span class='ocrx_word' id='word_1_106' title='bbox 522 1298 538 1342; x_wconf 87' lang='lat' dir='ltr'>a</span> <span class='ocrx_word' id='word_1_107' title='bbox 561 1279 665 1353; x_wconf 76' lang='lat' dir='ltr'>Danai,</span> <span class='ocrx_word' id='word_1_108' title='bbox 692 1299 829 1361; x_wconf 76' lang='lat' dir='ltr'>acapnum</span> <span class='ocrx_word' id='word_1_109' title='bbox 853 1280 971 1341; x_wconf 88' lang='lat' dir='ltr'>Paeana</span> <span class='ocrx_word' id='word_1_110' title='bbox 993 1291 1137 1352; x_wconf 61' lang='lat' dir='ltr'>canentes·</span> 
     </span>
    </p>

    <p class='ocr_par' dir='ltr' id='par_1_6' title="bbox 152 1363 1164 1530">
     <span class='ocr_line' id='line_1_14' title="bbox 356 1363 1097 1446; baseline -0.001 -20"><span class='ocrx_word' id='word_1_111' title='bbox 356 1369 394 1428; x_wconf 81' lang='lat' dir='ltr'>ite</span> <span class='ocrx_word' id='word_1_112' title='bbox 415 1364 632 1446; x_wconf 74' lang='lat' dir='ltr'>triurnphantes,</span> <span class='ocrx_word' id='word_1_113' title='bbox 655 1365 721 1427; x_wconf 73' lang='lat' dir='ltr'>aelle·</span> <span class='ocrx_word' id='word_1_114' title='bbox 739 1382 822 1429; x_wconf 83' lang='lat' dir='ltr'>maru</span> <span class='ocrx_word' id='word_1_115' title='bbox 844 1364 963 1427; x_wconf 73' lang='lat' dir='ltr'>aoncim‘t</span> <span class='ocrx_word' id='word_1_116' title='bbox 984 1363 1097 1428; x_wconf 83' lang='lat' dir='ltr'>Hector.</span> 
     </span>
     <span class='ocr_line' id='line_1_15' title="bbox 152 1450 1164 1530; baseline 0.002 -19"><span class='ocrx_word' id='word_1_117' title='bbox 152 1451 239 1530; x_wconf 88' lang='lat' dir='ltr'>plane</span> <span class='ocrx_word' id='word_1_118' title='bbox 261 1451 363 1513; x_wconf 88' lang='lat' dir='ltr'>eodem</span> <span class='ocrx_word' id='word_1_119' title='bbox 385 1468 475 1515; x_wconf 90' lang='lat' dir='ltr'>sensu</span> <span class='ocrx_word' id='word_1_120' title='bbox 498 1451 529 1512; x_wconf 89' lang='lat' dir='ltr'>in</span> <span class='ocrx_word' id='word_1_121' title='bbox 553 1450 653 1513; x_wconf 86' lang='lat' dir='ltr'>eadem</span> <span class='ocrx_word' id='word_1_122' title='bbox 675 1469 707 1511; x_wconf 86' lang='lat' dir='ltr'>re</span> <span class='ocrx_word' id='word_1_123' title='bbox 730 1452 841 1512; x_wconf 79' lang='lat' dir='ltr'>Seneca</span> <span class='ocrx_word' id='word_1_124' title='bbox 865 1468 937 1515; x_wconf 88' lang='lat' dir='ltr'>usus</span> <span class='ocrx_word' id='word_1_125' title='bbox 960 1460 1005 1511; x_wconf 88' lang='lat' dir='ltr'>est</span> <span class='ocrx_word' id='word_1_126' title='bbox 1026 1453 1079 1530; x_wconf 80' lang='lat' dir='ltr'>Ag.</span> <span class='ocrx_word' id='word_1_127' title='bbox 1102 1451 1164 1513; x_wconf 76' lang='lat'>208</span> 
     </span>
    </p>

    <p class='ocr_par' dir='ltr' id='par_1_7' title="bbox 356 1535 1171 1617">
     <span class='ocr_line' id='line_1_16' title="bbox 356 1535 1171 1617; baseline -0.002 -19"><span class='ocrx_word' id='word_1_128' title='bbox 356 1556 437 1617; x_wconf 79' lang='lat' dir='ltr'>quern</span> <span class='ocrx_word' id='word_1_129' title='bbox 458 1553 518 1598; x_wconf 87' lang='lat' dir='ltr'>nan</span> <span class='ocrx_word' id='word_1_130' title='bbox 540 1535 658 1598; x_wconf 74' lang='lat' dir='ltr'>Achilles</span> <span class='ocrx_word' id='word_1_131' title='bbox 679 1555 742 1597; x_wconf 88' lang='lat' dir='ltr'>ense</span> <span class='ocrx_word' id='word_1_132' title='bbox 762 1535 881 1597; x_wconf 80' lang='lat' dir='ltr'>uiolauit</span> <span class='ocrx_word' id='word_1_133' title='bbox 901 1536 976 1616; x_wconf 82' lang='lat' dir='ltr'>sera,</span> <span class='ocrx_word' id='word_1_134' title='bbox 1166 1547 1171 1553; x_wconf 83' lang='grc'><strong>’</strong></span> 
     </span>
    </p>

    <p class='ocr_par' dir='ltr' id='par_1_8' title="bbox 355 1625 1077 1702">
     <span class='ocr_line' id='line_1_17' title="bbox 355 1625 1077 1702; baseline -0.001 -20"><span class='ocrx_word' id='word_1_135' title='bbox 355 1625 484 1702; x_wconf 79' lang='lat' dir='ltr'>quamvis</span> <span class='ocrx_word' id='word_1_136' title='bbox 501 1639 649 1702; x_wconf 77' lang='lat' dir='ltr'>procacem</span> <span class='ocrx_word' id='word_1_137' title='bbox 671 1633 770 1682; x_wconf 87' lang='lat' dir='ltr'>taraus</span> <span class='ocrx_word' id='word_1_138' title='bbox 790 1632 929 1682; x_wconf 83' lang='lat' dir='ltr'>annasset</span> <span class='ocrx_word' id='word_1_139' title='bbox 949 1639 1077 1691; x_wconf 74' lang='lat' dir='ltr'>mentun</span> 
     </span>
    </p>

    <p class='ocr_par' dir='ltr' id='par_1_9' title="bbox 354 1706 1010 1784">
     <span class='ocr_line' id='line_1_18' title="bbox 354 1706 1010 1784; baseline -0.002 -17"><span class='ocrx_word' id='word_1_140' title='bbox 354 1724 413 1767; x_wconf 91' lang='lat' dir='ltr'>nan</span> <span class='ocrx_word' id='word_1_141' title='bbox 434 1706 537 1767; x_wconf 80' lang='lat' dir='ltr'>melior</span> <span class='ocrx_word' id='word_1_142' title='bbox 558 1706 635 1768; x_wconf 74' lang='lat' dir='ltr'>Arae</span> <span class='ocrx_word' id='word_1_143' title='bbox 655 1716 746 1768; x_wconf 84' lang='lat' dir='ltr'>marte</span> <span class='ocrx_word' id='word_1_144' title='bbox 767 1707 877 1768; x_wconf 80' lang='lat' dir='ltr'>decreta</span> <span class='ocrx_word' id='word_1_145' title='bbox 896 1707 1010 1784; x_wconf 80' lang='lat' dir='ltr'>furens,</span> 
     </span>
    </p>

    <p class='ocr_par' dir='ltr' id='par_1_10' title="bbox 150 1788 1150 1938">
     <span class='ocr_line' id='line_1_19' title="bbox 354 1788 1081 1853; baseline -0.004 0"><span class='ocrx_word' id='word_1_146' title='bbox 354 1810 411 1853; x_wconf 89' lang='lat' dir='ltr'>non</span> <span class='ocrx_word' id='word_1_147' title='bbox 434 1790 495 1851; x_wconf 83' lang='lat' dir='ltr'>sala</span> <span class='ocrx_word' id='word_1_148' title='bbox 517 1791 629 1853; x_wconf 81' lang='lat' dir='ltr'>Danais</span> <span class='ocrx_word' id='word_1_149' title='bbox 651 1788 788 1853; x_wconf 85' lang='lat' dir='ltr'>Hector</span> <span class='ocrx_word' id='word_1_150' title='bbox 809 1802 835 1852; x_wconf 87' lang='lat' dir='ltr'>et</span> <span class='ocrx_word' id='word_1_151' title='bbox 857 1789 950 1852; x_wconf 81' lang='lat' dir='ltr'>lello</span> <span class='ocrx_word' id='word_1_152' title='bbox 972 1806 1081 1851; x_wconf 81' lang='lat' dir='ltr'>enare.</span> 
     </span>
     <span class='ocr_line' id='line_1_20' title="bbox 150 1874 1150 1938; baseline -0.003 -1"><span class='ocrx_word' id='word_1_153' title='bbox 150 1884 180 1938; x_wconf 89' lang='lat' dir='ltr'>et</span> <span class='ocrx_word' id='word_1_154' title='bbox 202 1876 288 1938; x_wconf 88' lang='lat' dir='ltr'>simili</span> <span class='ocrx_word' id='word_1_155' title='bbox 312 1877 342 1937; x_wconf 90' lang='lat' dir='ltr'>in</span> <span class='ocrx_word' id='word_1_156' title='bbox 366 1876 466 1936; x_wconf 90' lang='lat' dir='ltr'>eadem</span> <span class='ocrx_word' id='word_1_157' title='bbox 490 1894 522 1936; x_wconf 91' lang='lat' dir='ltr'>re</span> <span class='ocrx_word' id='word_1_158' title='bbox 544 1874 615 1937; x_wconf 81' lang='lat' dir='ltr'>Tro.</span> <span class='ocrx_word' id='word_1_159' title='bbox 634 1876 693 1938; x_wconf 77' lang='lat'>124</span> <span class='ocrx_word' id='word_1_160' title='bbox 716 1876 806 1937; x_wconf 84' lang='lat' dir='ltr'>choro</span> <span class='ocrx_word' id='word_1_161' title='bbox 830 1874 987 1938; x_wconf 86' lang='lat' dir='ltr'>Hectorem</span> <span class='ocrx_word' id='word_1_162' title='bbox 1010 1874 1150 1935; x_wconf 76' lang='lat' dir='ltr'>deflente:</span> 
     </span>
    </p>

    <p class='ocr_par' dir='ltr' id='par_1_11' title="bbox 355 1960 948 2042">
     <span class='ocr_line' id='line_1_21' title="bbox 355 1960 948 2042; baseline 0 -21"><span class='ocrx_word' id='word_1_163' title='bbox 355 1960 484 2022; x_wconf 80' lang='lat' dir='ltr'>columen</span> <span class='ocrx_word' id='word_1_164' title='bbox 501 1965 626 2040; x_wconf 81' lang='lat' dir='ltr'>patriae,</span> <span class='ocrx_word' id='word_1_165' title='bbox 648 1980 748 2022; x_wconf 83' lang='lat' dir='ltr'>enare</span> <span class='ocrx_word' id='word_1_166' title='bbox 769 1962 948 2042; x_wconf 83' lang='lat' dir='ltr'>satorum,</span> 
     </span>
    </p>

    <p class='ocr_par' dir='ltr' id='par_1_12' title="bbox 354 2044 879 2126">
     <span class='ocr_line' id='line_1_22' title="bbox 354 2044 879 2126; baseline 0 -19"><span class='ocrx_word' id='word_1_167' title='bbox 354 2057 386 2107; x_wconf 91' lang='lat' dir='ltr'>tu</span> <span class='ocrx_word' id='word_1_168' title='bbox 404 2047 583 2126; x_wconf 76' lang='lat' dir='ltr'>praesideant</span> <span class='ocrx_word' id='word_1_169' title='bbox 607 2044 765 2125; x_wconf 78' lang='lat' dir='ltr'>Phrppr&#39;lus</span> <span class='ocrx_word' id='word_1_170' title='bbox 786 2046 879 2125; x_wconf 75' lang='lat' dir='ltr'>fessis,</span> 
     </span>
    </p>

    <p class='ocr_par' dir='ltr' id='par_1_13' title="bbox 353 2134 853 2211">
     <span class='ocr_line' id='line_1_23' title="bbox 353 2134 853 2211; baseline 0 -20"><span class='ocrx_word' id='word_1_171' title='bbox 353 2142 385 2191; x_wconf 92' lang='lat' dir='ltr'>tu</span> <span class='ocrx_word' id='word_1_172' title='bbox 407 2149 509 2192; x_wconf 87' lang='lat' dir='ltr'>neurus</span> <span class='ocrx_word' id='word_1_173' title='bbox 531 2149 595 2191; x_wconf 90' lang='lat' dir='ltr'>eras</span> <span class='ocrx_word' id='word_1_174' title='bbox 615 2135 775 2211; x_wconf 80' lang='lat' dir='ltr'>umerisque</span> <span class='ocrx_word' id='word_1_175' title='bbox 795 2134 853 2192; x_wconf 77' lang='lat' dir='ltr'>tuis</span> 
     </span>
    </p>

    <p class='ocr_par' dir='ltr' id='par_1_14' title="bbox 149 2214 1227 2378">
     <span class='ocr_line' id='line_1_24' title="bbox 354 2214 908 2296; baseline 0.002 -21"><span class='ocrx_word' id='word_1_176' title='bbox 354 2219 431 2277; x_wconf 82' lang='lat' dir='ltr'>stetit</span> <span class='ocrx_word' id='word_1_177' title='bbox 453 2214 504 2276; x_wconf 77' lang='lat' dir='ltr'>etta</span> <span class='ocrx_word' id='word_1_178' title='bbox 526 2215 617 2277; x_wconf 84' lang='lat' dir='ltr'>decem</span> <span class='ocrx_word' id='word_1_179' title='bbox 638 2215 716 2295; x_wconf 75' lang='lat' dir='ltr'>fulta</span> <span class='ocrx_word' id='word_1_180' title='bbox 734 2233 788 2296; x_wconf 86' lang='lat' dir='ltr'>per</span> <span class='ocrx_word' id='word_1_181' title='bbox 809 2232 908 2277; x_wconf 88' lang='lat' dir='ltr'>anuas.</span> 
     </span>
     <span class='ocr_line' id='line_1_25' title="bbox 149 2298 1227 2378; baseline 0 -20"><span class='ocrx_word' id='word_1_182' title='bbox 149 2315 239 2376; x_wconf 85' lang='lat' dir='ltr'>quem</span> <span class='ocrx_word' id='word_1_183' title='bbox 268 2317 389 2360; x_wconf 89' lang='lat' dir='ltr'>sensum</span> <span class='ocrx_word' id='word_1_184' title='bbox 417 2299 489 2360; x_wconf 88' lang='lat' dir='ltr'>adeo</span> <span class='ocrx_word' id='word_1_185' title='bbox 516 2300 658 2362; x_wconf 83' lang='lat' dir='ltr'>adamarit</span> <span class='ocrx_word' id='word_1_186' title='bbox 678 2310 712 2361; x_wconf 83' lang='lat' dir='ltr'>ut</span> <span class='ocrx_word' id='word_1_187' title='bbox 735 2300 837 2363; x_wconf 91' lang='lat' dir='ltr'>eodem</span> <span class='ocrx_word' id='word_1_188' title='bbox 860 2301 890 2363; x_wconf 92' lang='lat' dir='ltr'>in</span> <span class='ocrx_word' id='word_1_189' title='bbox 913 2299 1000 2361; x_wconf 86' lang='lat' dir='ltr'>simili</span> <span class='ocrx_word' id='word_1_190' title='bbox 1024 2317 1056 2360; x_wconf 88' lang='lat' dir='ltr'>re</span> <span class='ocrx_word' id='word_1_191' title='bbox 1080 2298 1131 2361; x_wconf 87' lang='lat' dir='ltr'>sed</span> <span class='ocrx_word' id='word_1_192' title='bbox 1154 2318 1227 2378; x_wconf 88' lang='lat' dir='ltr'>per-</span> 
     </span>
    </p>
   </div>
   <div class='ocr_carea' id='block_1_5' title="bbox 151 2380 1336 2475">
    <p class='ocr_par' dir='ltr' id='par_1_15' title="bbox 151 2380 1336 2475">
     <span class='ocr_line' id='line_1_26' title="bbox 151 2380 1336 2475; baseline 0.001 -32"><span class='ocrx_word' id='word_1_193' title='bbox 151 2400 224 2444; x_wconf 87' lang='lat' dir='ltr'>sona</span> <span class='ocrx_word' id='word_1_194' title='bbox 246 2380 358 2444; x_wconf 86' lang='lat' dir='ltr'>diversa</span> <span class='ocrx_word' id='word_1_195' title='bbox 380 2400 500 2473; x_wconf 85' lang='lat' dir='ltr'>rursum</span> <span class='ocrx_word' id='word_1_196' title='bbox 521 2382 656 2446; x_wconf 83' lang='lat' dir='ltr'>uteretur</span> <span class='ocrx_word' id='word_1_197' title='bbox 678 2384 790 2446; x_wconf 88' lang='lat' dir='ltr'>Phoen.</span> <span class='ocrx_word' id='word_1_198' title='bbox 807 2387 865 2460; x_wconf 86' lang='grc'>04,</span> <span class='ocrx_word' id='word_1_199' title='bbox 890 2382 941 2446; x_wconf 90' lang='lat' dir='ltr'>ubi</span> <span class='ocrx_word' id='word_1_200' title='bbox 955 2384 1066 2446; x_wconf 82' lang='lat' dir='ltr'>locusta</span> <span class='ocrx_word' id='word_1_201' title='bbox 1088 2382 1164 2444; x_wconf 88' lang='lat' dir='ltr'>filios</span> <span class='ocrx_word' id='word_1_202' title='bbox 1183 2385 1228 2445; x_wconf 78' lang='lat' dir='ltr'>ita</span> <span class='ocrx_word' id='word_1_203' title='bbox 1335 2432 1336 2475; x_wconf 56' lang='lat'>7</span> 
     </span>
    </p>
   </div>
   <div class='ocr_carea' id='block_1_6' title="bbox 148 2464 1228 2974">
    <p class='ocr_par' dir='ltr' id='par_1_16' title="bbox 148 2464 1228 2974">
     <span class='ocr_line' id='line_1_27' title="bbox 149 2464 335 2548; baseline 0.005 -20"><span class='ocrx_word' id='word_1_204' title='bbox 149 2464 335 2548; x_wconf 82' lang='lat' dir='ltr'>adloquitur:</span> 
     </span>
     <span class='ocr_line' id='line_1_28' title="bbox 558 2556 983 2636; baseline -0.005 -20"><span class='ocrx_word' id='word_1_205' title='bbox 558 2556 652 2616; x_wconf 80' lang='lat' dir='ltr'>eneam</span> <span class='ocrx_word' id='word_1_206' title='bbox 674 2572 702 2615; x_wconf 88' lang='lat' dir='ltr'>se</span> <span class='ocrx_word' id='word_1_207' title='bbox 724 2557 842 2636; x_wconf 81' lang='lat' dir='ltr'>opponet</span> <span class='ocrx_word' id='word_1_208' title='bbox 860 2570 983 2635; x_wconf 87' lang='lat' dir='ltr'>parens:</span> 
     </span>
     <span class='ocr_line' id='line_1_29' title="bbox 351 2637 1121 2720; baseline -0.005 -20"><span class='ocrx_word' id='word_1_209' title='bbox 351 2641 473 2720; x_wconf 83' lang='lat' dir='ltr'>proinde</span> <span class='ocrx_word' id='word_1_210' title='bbox 495 2639 598 2701; x_wconf 84' lang='lat' dir='ltr'>bellurn</span> <span class='ocrx_word' id='word_1_211' title='bbox 620 2639 707 2702; x_wconf 79' lang='lat' dir='ltr'>colun</span> <span class='ocrx_word' id='word_1_212' title='bbox 729 2650 795 2700; x_wconf 92' lang='lat' dir='ltr'>aut</span> <span class='ocrx_word' id='word_1_213' title='bbox 821 2638 912 2703; x_wconf 73' lang='lat' dir='ltr'>lello·</span> <span class='ocrx_word' id='word_1_214' title='bbox 938 2637 1121 2711; x_wconf 62' lang='lat' dir='ltr'>morani).</span> 
     </span>
     <span class='ocr_line' id='line_1_30' title="bbox 150 2720 1228 2805; baseline -0.003 -21"><span class='ocrx_word' id='word_1_215' title='bbox 150 2722 207 2785; x_wconf 89' lang='lat' dir='ltr'>iam</span> <span class='ocrx_word' id='word_1_216' title='bbox 237 2743 354 2785; x_wconf 86' lang='lat' dir='ltr'>carmen</span> <span class='ocrx_word' id='word_1_217' title='bbox 385 2724 457 2789; x_wconf 86' lang='lat' dir='ltr'>illud</span> <span class='ocrx_word' id='word_1_218' title='bbox 488 2724 598 2785; x_wconf 89' lang='lat' dir='ltr'>Silonis</span> <span class='ocrx_word' id='word_1_219' title='bbox 627 2724 706 2805; x_wconf 88' lang='lat' dir='ltr'>quod</span> <span class='ocrx_word' id='word_1_220' title='bbox 736 2724 848 2786; x_wconf 83' lang='lat' dir='ltr'>Seneca</span> <span class='ocrx_word' id='word_1_221' title='bbox 874 2731 960 2804; x_wconf 85' lang='lat' dir='ltr'>pater</span> <span class='ocrx_word' id='word_1_222' title='bbox 988 2723 1110 2785; x_wconf 87' lang='lat' dir='ltr'>recitare</span> <span class='ocrx_word' id='word_1_223' title='bbox 1138 2720 1228 2782; x_wconf 88' lang='lat' dir='ltr'>illum</span> 
     </span>
     <span class='ocr_line' id='line_1_31' title="bbox 150 2807 1228 2886; baseline -0.003 -16"><span class='ocrx_word' id='word_1_224' title='bbox 150 2809 333 2883; x_wconf 83' lang='lat' dir='ltr'>meminerat,</span> <span class='ocrx_word' id='word_1_225' title='bbox 358 2828 413 2872; x_wconf 91' lang='lat' dir='ltr'>nec</span> <span class='ocrx_word' id='word_1_226' title='bbox 434 2809 527 2872; x_wconf 86' lang='lat' dir='ltr'>filium</span> <span class='ocrx_word' id='word_1_227' title='bbox 548 2808 694 2872; x_wconf 81' lang='lat' dir='ltr'>lectitasse</span> <span class='ocrx_word' id='word_1_228' title='bbox 712 2809 771 2871; x_wconf 85' lang='lat' dir='ltr'>reri</span> <span class='ocrx_word' id='word_1_229' title='bbox 788 2820 832 2870; x_wconf 88' lang='lat' dir='ltr'>est</span> <span class='ocrx_word' id='word_1_230' title='bbox 847 2807 952 2885; x_wconf 82' lang='lat' dir='ltr'>simile,</span> <span class='ocrx_word' id='word_1_231' title='bbox 975 2826 1031 2869; x_wconf 87' lang='lat' dir='ltr'>neo</span> <span class='ocrx_word' id='word_1_232' title='bbox 1045 2807 1138 2886; x_wconf 79' lang='lat' dir='ltr'>magis</span> <span class='ocrx_word' id='word_1_233' title='bbox 1154 2825 1228 2868; x_wconf 93' lang='lat' dir='ltr'>sen·</span> 
     </span>
     <span class='ocr_line' id='line_1_32' title="bbox 148 2892 1228 2974; baseline -0.001 -20"><span class='ocrx_word' id='word_1_234' title='bbox 148 2912 215 2955; x_wconf 88' lang='lat' dir='ltr'>sum</span> <span class='ocrx_word' id='word_1_235' title='bbox 245 2895 333 2956; x_wconf 86' lang='lat' dir='ltr'>istum</span> <span class='ocrx_word' id='word_1_236' title='bbox 362 2894 408 2957; x_wconf 87' lang='lat' dir='ltr'>rel</span> <span class='ocrx_word' id='word_1_237' title='bbox 430 2894 550 2956; x_wconf 86' lang='lat' dir='ltr'>dimidio</span> <span class='ocrx_word' id='word_1_238' title='bbox 573 2894 691 2956; x_wconf 86' lang='lat' dir='ltr'>saeculo</span> <span class='ocrx_word' id='word_1_239' title='bbox 714 2892 782 2974; x_wconf 80' lang='lat' dir='ltr'>post</span> <span class='ocrx_word' id='word_1_240' title='bbox 803 2910 891 2974; x_wconf 89' lang='lat' dir='ltr'>quam</span> <span class='ocrx_word' id='word_1_241' title='bbox 913 2893 1008 2954; x_wconf 84' lang='lat' dir='ltr'>dictus</span> <span class='ocrx_word' id='word_1_242' title='bbox 1032 2900 1108 2955; x_wconf 84' lang='lat' dir='ltr'>esset</span> <span class='ocrx_word' id='word_1_243' title='bbox 1129 2909 1228 2970; x_wconf 88' lang='lat' dir='ltr'>aeque</span> 
     </span>
    </p>
   </div>
   <div class='ocr_carea' id='block_1_7' title="bbox 236 3039 1227 3111">
    <p class='ocr_par' dir='ltr' id='par_1_17' title="bbox 236 3039 1227 3111">
     <span class='ocr_line' id='line_1_33' title="bbox 236 3039 1227 3111; baseline -0.005 -14"><span class='ocrx_word' id='word_1_244' title='bbox 236 3044 256 3111; x_wconf 79' lang='lat'>⁸)</span> <span class='ocrx_word' id='word_1_245' title='bbox 275 3045 370 3110; x_wconf 87' lang='lat' dir='ltr'>optime</span> <span class='ocrx_word' id='word_1_246' title='bbox 388 3060 427 3096; x_wconf 87' lang='lat' dir='ltr'>res</span> <span class='ocrx_word' id='word_1_247' title='bbox 446 3043 594 3096; x_wconf 82' lang='lat' dir='ltr'>inlustratur</span> <span class='ocrx_word' id='word_1_248' title='bbox 607 3042 646 3097; x_wconf 88' lang='lat' dir='ltr'>his</span> <span class='ocrx_word' id='word_1_249' title='bbox 660 3043 803 3110; x_wconf 78' lang='lat' dir='ltr'>aequalium</span> <span class='ocrx_word' id='word_1_250' title='bbox 816 3046 948 3109; x_wconf 84' lang='lat' dir='ltr'>poetarum</span> <span class='ocrx_word' id='word_1_251' title='bbox 962 3041 1025 3094; x_wconf 87' lang='lat' dir='ltr'>locis</span> <span class='ocrx_word' id='word_1_252' title='bbox 1038 3039 1227 3109; x_wconf 85' lang='lat' dir='ltr'>comparandis,</span> 
     </span>
    </p>
   </div>
   <div class='ocr_carea' id='block_1_8' title="bbox 151 3106 1336 3180">
    <p class='ocr_par' dir='ltr' id='par_1_18' title="bbox 151 3106 1336 3180">
     <span class='ocr_line' id='line_1_34' title="bbox 151 3106 1336 3180; baseline -0.009 -16"><span class='ocrx_word' id='word_1_253' title='bbox 151 3129 257 3180; x_wconf 89' lang='lat' dir='ltr'>quorum</span> <span class='ocrx_word' id='word_1_254' title='bbox 280 3112 364 3164; x_wconf 85' lang='lat' dir='ltr'>nullus</span> <span class='ocrx_word' id='word_1_255' title='bbox 387 3112 551 3179; x_wconf 84' lang='lat' dir='ltr'>quantumvis</span> <span class='ocrx_word' id='word_1_256' title='bbox 575 3110 607 3162; x_wconf 78' lang='lat' dir='ltr'>acl</span> <span class='ocrx_word' id='word_1_257' title='bbox 630 3112 781 3163; x_wconf 83' lang='lat' dir='ltr'>sententiam</span> <span class='ocrx_word' id='word_1_258' title='bbox 807 3125 887 3180; x_wconf 86' lang='lat' dir='ltr'>prope</span> <span class='ocrx_word' id='word_1_259' title='bbox 909 3110 1033 3162; x_wconf 80' lang='lat' dir='ltr'>accedant</span> <span class='ocrx_word' id='word_1_260' title='bbox 1056 3124 1113 3160; x_wconf 88' lang='lat' dir='ltr'>cum</span> <span class='ocrx_word' id='word_1_261' title='bbox 1135 3106 1227 3160; x_wconf 84' lang='lat' dir='ltr'>Severi</span> <span class='ocrx_word' id='word_1_262' title='bbox 1335 3148 1336 3153; x_wconf 73' lang='grc'>,</span> 
     </span>
    </p>
   </div>
   <div class='ocr_carea' id='block_1_9' title="bbox 147 3177 1225 3247">
    <p class='ocr_par' dir='ltr' id='par_1_19' title="bbox 147 3177 1225 3247">
     <span class='ocr_line' id='line_1_35' title="bbox 147 3177 1225 3247; baseline -0.008 -13"><span class='ocrx_word' id='word_1_263' title='bbox 147 3197 227 3234; x_wconf 88' lang='lat' dir='ltr'>sensu</span> <span class='ocrx_word' id='word_1_264' title='bbox 245 3181 352 3232; x_wconf 76' lang='lat' dir='ltr'>conferri</span> <span class='ocrx_word' id='word_1_265' title='bbox 369 3184 468 3247; x_wconf 86' lang='lat' dir='ltr'>potest:</span> <span class='ocrx_word' id='word_1_266' title='bbox 486 3178 631 3245; x_wconf 80' lang='lat' dir='ltr'>Lucean,</span> <span class='ocrx_word' id='word_1_267' title='bbox 648 3181 678 3232; x_wconf 77' lang='lat'>27</span> <span class='ocrx_word' id='word_1_268' title='bbox 697 3183 856 3245; x_wconf 79' lang='lat' dir='ltr'>patriaeque</span> <span class='ocrx_word' id='word_1_269' title='bbox 873 3185 900 3229; x_wconf 86' lang='lat' dir='ltr'>et</span> <span class='ocrx_word' id='word_1_270' title='bbox 916 3181 1004 3245; x_wconf 79' lang='lat' dir='ltr'>ruptis</span> <span class='ocrx_word' id='word_1_271' title='bbox 1019 3177 1121 3243; x_wconf 77' lang='lat' dir='ltr'>legitur</span> <span class='ocrx_word' id='word_1_272' title='bbox 1138 3189 1225 3226; x_wconf 89' lang='lat' dir='ltr'>unum</span> 
     </span>
    </p>
   </div>
   <div class='ocr_carea' id='block_1_10' title="bbox 151 3243 1336 3312">
    <p class='ocr_par' dir='ltr' id='par_1_20' title="bbox 151 3243 1336 3312">
     <span class='ocr_line' id='line_1_36' title="bbox 151 3243 1336 3312; baseline -0.008 -11"><span class='ocrx_word' id='word_1_273' title='bbox 151 3251 283 3301; x_wconf 86' lang='lat' dir='ltr'>donavere</span> <span class='ocrx_word' id='word_1_274' title='bbox 302 3249 379 3300; x_wconf 82' lang='lat' dir='ltr'>diem.</span> <span class='ocrx_word' id='word_1_275' title='bbox 401 3248 456 3299; x_wconf 84' lang='lat' dir='ltr'>Vel.</span> <span class='ocrx_word' id='word_1_276' title='bbox 468 3248 504 3301; x_wconf 77' lang='lat' dir='ltr'>ll.</span> <span class='ocrx_word' id='word_1_277' title='bbox 515 3246 554 3312; x_wconf 87' lang='lat' dir='ltr'>Vl,</span> <span class='ocrx_word' id='word_1_278' title='bbox 565 3248 615 3299; x_wconf 77' lang='lat'>733</span> <span class='ocrx_word' id='word_1_279' title='bbox 634 3247 697 3298; x_wconf 80' lang='lat' dir='ltr'>dent</span> <span class='ocrx_word' id='word_1_280' title='bbox 715 3254 802 3298; x_wconf 87' lang='lat' dir='ltr'>tamen</span> <span class='ocrx_word' id='word_1_281' title='bbox 818 3263 866 3299; x_wconf 84' lang='lat' dir='ltr'>aro</span> <span class='ocrx_word' id='word_1_282' title='bbox 884 3262 968 3298; x_wconf 86' lang='lat' dir='ltr'>unum</span> <span class='ocrx_word' id='word_1_283' title='bbox 986 3245 1062 3296; x_wconf 81' lang='lat' dir='ltr'>illum</span> <span class='ocrx_word' id='word_1_284' title='bbox 1079 3245 1146 3294; x_wconf 80' lang='lat' dir='ltr'>milei</span> <span class='ocrx_word' id='word_1_285' title='bbox 1162 3243 1225 3305; x_wconf 80' lang='lat' dir='ltr'>feta</span> <span class='ocrx_word' id='word_1_286' title='bbox 1335 3244 1336 3311; x_wconf 57' lang='lat' dir='ltr'>J</span> 
     </span>
    </p>
   </div>
   <div class='ocr_carea' id='block_1_11' title="bbox 149 3306 1225 3452">
    <p class='ocr_par' dir='ltr' id='par_1_21' title="bbox 149 3306 1225 3452">
     <span class='ocr_line' id='line_1_37' title="bbox 149 3306 1224 3382; baseline -0.007 -12"><span class='ocrx_word' id='word_1_287' title='bbox 149 3318 227 3371; x_wconf 84' lang='lat' dir='ltr'>diem.</span> <span class='ocrx_word' id='word_1_288' title='bbox 263 3312 471 3382; x_wconf 57' lang='lat' dir='ltr'>statuncula,</span> <span class='ocrx_word' id='word_1_289' title='bbox 489 3319 538 3369; x_wconf 80' lang='lat'>485</span> <span class='ocrx_word' id='word_1_290' title='bbox 558 3320 648 3369; x_wconf 82' lang='lat' dir='ltr'>noster</span> <span class='ocrx_word' id='word_1_291' title='bbox 666 3314 709 3365; x_wconf 85' lang='lat' dir='ltr'>lu&#39;c</span> <span class='ocrx_word' id='word_1_292' title='bbox 728 3331 785 3366; x_wconf 86' lang='lat' dir='ltr'>cana</span> <span class='ocrx_word' id='word_1_293' title='bbox 806 3331 837 3365; x_wconf 85' lang='lat' dir='ltr'>us</span> <span class='ocrx_word' id='word_1_294' title='bbox 855 3320 995 3380; x_wconf 81' lang='lat' dir='ltr'>nosterque</span> <span class='ocrx_word' id='word_1_295' title='bbox 1013 3313 1077 3363; x_wconf 82' lang='lat' dir='ltr'>alies.</span> <span class='ocrx_word' id='word_1_296' title='bbox 1103 3306 1155 3373; x_wconf 77' lang='grc' dir='ltr'>ΧΗ,</span> <span class='ocrx_word' id='word_1_297' title='bbox 1173 3314 1224 3364; x_wconf 86' lang='grc'>366</span> 
     </span>
     <span class='ocr_line' id='line_1_38' title="bbox 149 3330 1225 3452; baseline -0.008 -14"><span class='ocrx_word' id='word_1_298' title='bbox 149 3391 199 3439; x_wconf 86' lang='lat' dir='ltr'>aut</span> <span class='ocrx_word' id='word_1_299' title='bbox 216 3401 291 3452; x_wconf 81' lang='lat' dir='ltr'>quern</span> <span class='ocrx_word' id='word_1_300' title='bbox 310 3388 452 3436; x_wconf 80' lang='lat' dir='ltr'>temeraria</span> <span class='ocrx_word' id='word_1_301' title='bbox 471 3386 578 3450; x_wconf 73' lang='lat' dir='ltr'>quaeris</span> <span class='ocrx_word' id='word_1_302' title='bbox 589 3376 756 3434; x_wconf 80' lang='lat' dir='ltr'>noetemea‘i</span> <span class='ocrx_word' id='word_1_303' title='bbox 781 3330 854 3449; x_wconf 55' lang='lat' dir='ltr'>gill,</span> <span class='ocrx_word' id='word_1_304' title='bbox 865 3386 914 3436; x_wconf 72' lang='lat'>457</span> <span class='ocrx_word' id='word_1_305' title='bbox 932 3381 1078 3446; x_wconf 80' lang='lat' dir='ltr'>Murroque</span> <span class='ocrx_word' id='word_1_306' title='bbox 1093 3379 1225 3430; x_wconf 77' lang='lat' dir='ltr'>secundos</span> 
     </span>
    </p>
   </div>
   <div class='ocr_carea' id='block_1_12' title="bbox 49 3448 1336 3842">
    <p class='ocr_par' dir='ltr' id='par_1_22' title="bbox 49 3448 1336 3842">
     <span class='ocr_line' id='line_1_39' title="bbox 49 3448 1336 3536; baseline -0.007 -31"><span class='ocrx_word' id='word_1_307' title='bbox 49 3525 55 3535; x_wconf 31' lang='lat' dir='ltr'><em>l</em></span> <span class='ocrx_word' id='word_1_308' title='bbox 149 3456 221 3507; x_wconf 79' lang='lat' dir='ltr'>nune</span> <span class='ocrx_word' id='word_1_309' title='bbox 238 3469 348 3536; x_wconf 81' lang='lat' dir='ltr'>superos</span> <span class='ocrx_word' id='word_1_310' title='bbox 367 3452 490 3504; x_wconf 74' lang='lat' dir='ltr'>tribuisse</span> <span class='ocrx_word' id='word_1_311' title='bbox 509 3452 584 3502; x_wconf 85' lang='lat' dir='ltr'>diem.</span> <span class='ocrx_word' id='word_1_312' title='bbox 608 3449 662 3533; x_wconf 74' lang='lat' dir='ltr'>lili,</span> <span class='ocrx_word' id='word_1_313' title='bbox 681 3448 731 3505; x_wconf 78' lang='grc'>633</span> <span class='ocrx_word' id='word_1_314' title='bbox 749 3453 834 3503; x_wconf 77' lang='lat' dir='ltr'>eenn‘s</span> <span class='ocrx_word' id='word_1_315' title='bbox 853 3450 955 3503; x_wconf 79' lang='lat' dir='ltr'>debebis</span> <span class='ocrx_word' id='word_1_316' title='bbox 972 3452 1100 3501; x_wconf 83' lang='lat' dir='ltr'>nimirum</span> <span class='ocrx_word' id='word_1_317' title='bbox 1118 3448 1225 3498; x_wconf 77' lang='lat' dir='ltr'>hiemis-</span> <span class='ocrx_word' id='word_1_318' title='bbox 1335 3506 1336 3509; x_wconf 8' lang='grc' dir='ltr'><strong>Ἴ</strong></span> 
     </span>
     <span class='ocr_line' id='line_1_40' title="bbox 150 3519 1227 3664; baseline -0.009 -21"><span class='ocrx_word' id='word_1_319' title='bbox 150 3539 201 3590; x_wconf 56' lang='lat' dir='ltr'>que</span> <span class='ocrx_word' id='word_1_320' title='bbox 217 3519 723 3657; x_wconf 40' lang='lat' dir='ltr'>p&amp;epelpppsupppehllpppageppplmphne</span> <span class='ocrx_word' id='word_1_321' title='bbox 742 3579 842 3638; x_wconf 79' lang='lat' dir='ltr'>diverso</span> <span class='ocrx_word' id='word_1_322' title='bbox 855 3580 974 3651; x_wconf 82' lang='lat' dir='ltr'>Luceni,</span> <span class='ocrx_word' id='word_1_323' title='bbox 985 3587 1035 3638; x_wconf 79' lang='lat'>204</span> <span class='ocrx_word' id='word_1_324' title='bbox 1053 3584 1116 3664; x_wconf 66' lang='lat' dir='ltr'>inae</span> <span class='ocrx_word' id='word_1_325' title='bbox 1132 3598 1227 3635; x_wconf 81' lang='lat' dir='ltr'>maras</span> 
     </span>
     <span class='ocr_line' id='line_1_41' title="bbox 146 3651 1336 3725; baseline -0.005 -16"><span class='ocrx_word' id='word_1_326' title='bbox 146 3660 230 3710; x_wconf 81' lang='lat' dir='ltr'>saluit</span> <span class='ocrx_word' id='word_1_327' title='bbox 252 3659 321 3711; x_wconf 77' lang='lat' dir='ltr'>belli.</span> <span class='ocrx_word' id='word_1_328' title='bbox 357 3658 421 3712; x_wconf 79' lang='lat' dir='ltr'>snt.</span> <span class='ocrx_word' id='word_1_329' title='bbox 437 3652 519 3710; x_wconf 77' lang='lat' dir='ltr'>Theb.</span> <span class='ocrx_word' id='word_1_330' title='bbox 537 3656 561 3721; x_wconf 89' lang='lat' dir='ltr'>l,</span> <span class='ocrx_word' id='word_1_331' title='bbox 582 3657 628 3709; x_wconf 82' lang='lat'>142</span> <span class='ocrx_word' id='word_1_332' title='bbox 654 3656 720 3706; x_wconf 74' lang='lat' dir='ltr'>haee</span> <span class='ocrx_word' id='word_1_333' title='bbox 743 3670 821 3705; x_wconf 87' lang='lat' dir='ltr'>mara</span> <span class='ocrx_word' id='word_1_334' title='bbox 841 3670 950 3720; x_wconf 78' lang='lat' dir='ltr'>pugnae</span> <span class='ocrx_word' id='word_1_335' title='bbox 967 3654 1033 3705; x_wconf 88' lang='lat' dir='ltr'>sala.</span> <span class='ocrx_word' id='word_1_336' title='bbox 1068 3651 1112 3707; x_wconf 82' lang='lat' dir='ltr'>sn.</span> <span class='ocrx_word' id='word_1_337' title='bbox 1131 3651 1153 3716; x_wconf 87' lang='lat' dir='ltr'>l,</span> <span class='ocrx_word' id='word_1_338' title='bbox 1173 3652 1225 3704; x_wconf 79' lang='lat'>479</span> <span class='ocrx_word' id='word_1_339' title='bbox 1335 3710 1336 3725; x_wconf 13' lang='grc' dir='ltr'><strong>χ</strong></span> 
     </span>
     <span class='ocr_line' id='line_1_42' title="bbox 150 3718 1227 3842; baseline -0.006 -64"><span class='ocrx_word' id='word_1_340' title='bbox 150 3726 266 3778; x_wconf 77' lang='lat' dir='ltr'>Romana·</span> <span class='ocrx_word' id='word_1_341' title='bbox 281 3726 392 3777; x_wconf 87' lang='lat' dir='ltr'>Murrus</span> <span class='ocrx_word' id='word_1_342' title='bbox 416 3726 478 3777; x_wconf 69' lang='lat' dir='ltr'>telle*</span> <span class='ocrx_word' id='word_1_343' title='bbox 501 3739 585 3776; x_wconf 87' lang='lat' dir='ltr'>mora.</span> <span class='ocrx_word' id='word_1_344' title='bbox 621 3728 647 3775; x_wconf 86' lang='lat' dir='ltr'>et</span> <span class='ocrx_word' id='word_1_345' title='bbox 663 3723 791 3775; x_wconf 81' lang='lat' dir='ltr'>Lucanum</span> <span class='ocrx_word' id='word_1_346' title='bbox 817 3738 919 3842; x_wconf 49' lang='lat' dir='ltr'>pesque</span> <span class='ocrx_word' id='word_1_347' title='bbox 937 3718 1131 3774; x_wconf 80' lang='lat' dir='ltr'>aoloreeoden</span> <span class='ocrx_word' id='word_1_348' title='bbox 1150 3732 1227 3772; x_wconf 88' lang='lat' dir='ltr'>usam</span> 
     </span>
    </p>
   </div>
   <div class='ocr_carea' id='block_1_13' title="bbox 147 3791 800 3858">
    <p class='ocr_par' dir='ltr' id='par_1_23' title="bbox 147 3791 800 3858">
     <span class='ocr_line' id='line_1_43' title="bbox 147 3791 800 3858; baseline -0.005 -14"><span class='ocrx_word' id='word_1_349' title='bbox 147 3808 279 3846; x_wconf 87' lang='lat' dir='ltr'>essenon</span> <span class='ocrx_word' id='word_1_350' title='bbox 303 3793 400 3847; x_wconf 84' lang='lat' dir='ltr'>mireris</span> <span class='ocrx_word' id='word_1_351' title='bbox 423 3793 446 3858; x_wconf 89' lang='lat' dir='ltr'>l,</span> <span class='ocrx_word' id='word_1_352' title='bbox 473 3797 520 3845; x_wconf 86' lang='lat'>100</span> <span class='ocrx_word' id='word_1_353' title='bbox 544 3806 607 3843; x_wconf 86' lang='lat' dir='ltr'>nam</span> <span class='ocrx_word' id='word_1_354' title='bbox 630 3792 688 3842; x_wconf 88' lang='lat' dir='ltr'>sala</span> <span class='ocrx_word' id='word_1_355' title='bbox 710 3791 800 3853; x_wconf 83' lang='lat' dir='ltr'>futuri</span> 
     </span>
    </p>
   </div>
   <div class='ocr_carea' id='block_1_14' title="bbox 838 3788 1336 3843">
    <p class='ocr_par' dir='ltr' id='par_1_24' title="bbox 838 3788 1336 3843">
     <span class='ocr_line' id='line_1_44' title="bbox 838 3788 1336 3843; baseline -0.012 -2"><span class='ocrx_word' id='word_1_356' title='bbox 838 3806 929 3842; x_wconf 76' lang='lat' dir='ltr'>rassae</span> <span class='ocrx_word' id='word_1_357' title='bbox 953 3795 1012 3841; x_wconf 86' lang='lat' dir='ltr'>erat</span> <span class='ocrx_word' id='word_1_358' title='bbox 1035 3788 1098 3840; x_wconf 74' lang='lat' dir='ltr'>tetta·</span> <span class='ocrx_word' id='word_1_359' title='bbox 1121 3788 1227 3838; x_wconf 80' lang='lat' dir='ltr'>medius</span> <span class='ocrx_word' id='word_1_360' title='bbox 1335 3838 1336 3843; x_wconf 65' lang='lat'>,</span> 
     </span>
    </p>
   </div>
   <div class='ocr_carea' id='block_1_15' title="bbox 148 3850 1336 3928">
    <p class='ocr_par' dir='ltr' id='par_1_25' title="bbox 148 3850 1336 3928">
     <span class='ocr_line' id='line_1_45' title="bbox 148 3850 1336 3928; baseline -0.004 -16"><span class='ocrx_word' id='word_1_361' title='bbox 148 3876 234 3913; x_wconf 84' lang='lat' dir='ltr'>mara.</span> <span class='ocrx_word' id='word_1_362' title='bbox 270 3860 301 3911; x_wconf 87' lang='lat' dir='ltr'>ad</span> <span class='ocrx_word' id='word_1_363' title='bbox 320 3861 458 3912; x_wconf 86' lang='lat' dir='ltr'>suasorlam</span> <span class='ocrx_word' id='word_1_364' title='bbox 478 3876 491 3912; x_wconf 94' lang='lat' dir='ltr'>a</span> <span class='ocrx_word' id='word_1_365' title='bbox 510 3866 582 3928; x_wconf 82' lang='lat' dir='ltr'>patre</span> <span class='ocrx_word' id='word_1_366' title='bbox 600 3864 732 3911; x_wconf 81' lang='lat' dir='ltr'>tractatam</span> <span class='ocrx_word' id='word_1_367' title='bbox 750 3858 854 3927; x_wconf 85' lang='lat' dir='ltr'>respicit</span> <span class='ocrx_word' id='word_1_368' title='bbox 864 3857 962 3911; x_wconf 87' lang='lat' dir='ltr'>Seneca</span> <span class='ocrx_word' id='word_1_369' title='bbox 975 3857 1000 3910; x_wconf 87' lang='lat' dir='ltr'>d.</span> <span class='ocrx_word' id='word_1_370' title='bbox 1011 3852 1093 3910; x_wconf 80' lang='lat' dir='ltr'>benet.</span> <span class='ocrx_word' id='word_1_371' title='bbox 1104 3850 1145 3921; x_wconf 84' lang='lat' dir='ltr'>vt,</span> <span class='ocrx_word' id='word_1_372' title='bbox 1157 3858 1227 3920; x_wconf 81' lang='lat'>31,5</span> <span class='ocrx_word' id='word_1_373' title='bbox 1335 3864 1336 3867; x_wconf 77' lang='grc'>’</span> 
     </span>
    </p>
   </div>
   <div class='ocr_carea' id='block_1_16' title="bbox 151 3926 823 3993">
    <p class='ocr_par' dir='ltr' id='par_1_26' title="bbox 151 3926 823 3993">
     <span class='ocr_line' id='line_1_46' title="bbox 151 3926 823 3993; baseline 0.004 -15"><span class='ocrx_word' id='word_1_374' title='bbox 151 3934 192 3979; x_wconf 86' lang='lat' dir='ltr'>tot</span> <span class='ocrx_word' id='word_1_375' title='bbox 207 3931 258 3979; x_wconf 81' lang='lat' dir='ltr'>ista</span> <span class='ocrx_word' id='word_1_376' title='bbox 275 3931 396 3993; x_wconf 78' lang='lat' dir='ltr'>gentium</span> <span class='ocrx_word' id='word_1_377' title='bbox 414 3927 490 3979; x_wconf 82' lang='lat' dir='ltr'>milia</span> <span class='ocrx_word' id='word_1_378' title='bbox 509 3930 620 3979; x_wconf 84' lang='lat' dir='ltr'>trecenti</span> <span class='ocrx_word' id='word_1_379' title='bbox 637 3926 823 3982; x_wconf 65' lang='lat' dir='ltr'>morabantur.</span> 
     </span>
    </p>
   </div>
   <div class='ocr_carea' id='block_1_17' title="bbox 0 0 1348 4482">
    <p class='ocr_par' dir='ltr' id='par_1_27' title="bbox 0 0 1348 4482">
     <span class='ocr_line' id='line_1_47' title="bbox 0 0 1348 4482; baseline 0 0"><span class='ocrx_word' id='word_1_380' title='bbox 0 0 1348 4482; x_wconf 95' lang='lat' dir='ltr'> </span> 
     </span>
    </p>
   </div>
  </div>
 </body>
</html>
