2686 4482
520 235 560 278 DE
582 234 709 278 cturtcis
729 235 914 278 rettulerat&

387 389 462 466 soto,
484 388 658 449 seductores
679 387 762 447 deum

389 490 452 533 crue
472 483 606 534 secuntur
628 488 699 549 eq
714 489 739 556 s.

183 559 256 619 baec
278 557 318 618 ita
340 556 490 636 accepisse
511 556 648 620 ridentur
670 544 754 634 quasi
776 556 886 617 dictum
910 550 969 617 sit‘
973 575 1034 617 non
1053 556 1126 617 haec
1140 546 1256 652 prima,

180 638 261 704 ‘non
289 642 363 703 haee
389 635 539 715 demum';
567 641 648 702 vides
670 650 767 702 autem
789 642 871 703 bunc
892 641 993 722 potius
1015 641 1137 703 traditae
1159 640 1257 720 scrip-

183 737 267 788 torae
295 745 415 788 sensum
447 745 526 787 esse:
555 744 616 787 non
638 725 816 787 Labdacidas
844 727 917 788 baec
946 726 1110 786 infortunia
1138 734 1256 822 petunt,
1331 752 1332 763 κ

184 812 265 874 sed
258 830 315 873 ram
336 819 404 872 ante
427 810 594 872 Labdacum
616 811 734 873 initium
757 829 878 890 cepere3
902 811 982 890 qnod
998 829 1013 872 a
1029 811 1168 872 carminis
1185 829 1256 889 pro·
1331 806 1332 843 3

183 897 281 976 posito
304 896 432 957 alienum
456 904 508 957 est.
539 914 600 958 non
623 914 727 975 premo
750 896 830 974 quod
843 897 953 956 chorus
969 895 1090 974 ignarus
1106 895 1254 974 Oedipum

184 1002 200 1043 e
223 982 348 1042 Labdaci
370 999 480 1060 genere
501 1000 566 1041 esse
588 981 684 1042 adbuc
705 981 844 1059 bleropae
870 980 955 1041 illum
976 979 1140 1060 Polybique
1160 981 1256 1040 filium

182 1068 271 1128 babet
293 1067 343 1143 (cl.
366 1068 425 1129 661
451 1068 526 1144 sq.);
548 1083 650 1126 verum
672 1074 741 1146 post
761 1084 787 1124 r.
803 1067 866 1128 709
888 1067 992 1144 utique
1013 1066 1161 1145 flagitatur
1183 1065 1257 1126 baec

182 1151 345 1213 sententia:
376 1169 437 1211 non
466 1151 538 1211 baec
562 1162 681 1231 proptor
710 1160 737 1212 te
764 1149 960 1225 Labdacidas,
988 1151 1008 1211 i.
1032 1169 1057 1211 e.
1087 1149 1257 1221 Thebanos,
1331 1186 1332 1193 κ

181 1237 240 1298 fata
262 1242 386 1316 petunt;
406 1234 569 1314 respondet
591 1235 668 1296 euim
691 1234 753 1296 Laii
776 1235 869 1297 dictor
889 1240 990 1316 patrio
1012 1253 1071 1296 noo
1092 1239 1139 1296 iro
1160 1235 1256 1312 doum,

182 1323 231 1383 sed
251 1321 351 1382 scetere
370 1324 492 1399 raperis.
523 1337 594 1397 ergo
616 1319 713 1399 aliqua
737 1320 882 1382 enuntiati
903 1320 1046 1400 particula
1068 1319 1257 1380 intercidisse

182 1406 313 1480 videtur3
337 1422 413 1483 qnae
435 1423 493 1484 qua
514 1406 630 1465 ratione
651 1405 785 1485 suppleri
807 1405 901 1485 possit
923 1405 1113 1465 ostendemus
1128 1423 1197 1465 cum
1219 1405 1256 1464 de

183 1492 285 1553 metris
300 1488 454 1551 constabit.
480 1488 618 1568 sequitur
631 1490 778 1551 sententia
793 1491 955 1550 multorum
971 1508 1108 1550 versuum
1124 1489 1255 1585 spatium

183 1575 398 1674 complectens,
421 1574 601 1636 submolesta
623 1575 743 1653 quidem
767 1584 796 1635 et
817 1573 1016 1656 subobscura,
1038 1574 1099 1635 sed
1106 1582 1140 1636 ut
1154 1575 1256 1654 suspi-

182 1661 299 1723 cionem
322 1678 383 1721 non
406 1668 530 1721 moveat.
537 1661 575 1736 13)
605 1659 703 1720 statim
725 1660 804 1721 enim
827 1661 858 1721 in
877 1660 1046 1720 narratione
1059 1658 1164 1739 incipit
1177 1667 1256 1720 tem·

182 1766 309 1827 pusqne
327 1743 467 1806 describit
494 1762 554 1823 quo
584 1743 745 1805 Cadmus'
738 1764 768 1805 m
799 1743 965 1806 Thebarum
992 1744 1091 1804 locum
1123 1745 1255 1818 venerit·
1331 1820 1332 1823 Ἴ

182 1831 316 1893 umbram
331 1830 503 1908 fontemque
519 1847 624 1889 nemus
638 1828 834 1891 Castalium
808 1829 879 1890 uris
891 1828 1100 1891 Phoenicibus
1106 1811 1255 1908 praebuit,
1331 1826 1332 1907 f

182 1936 250 1977 cunr
273 1916 399 1977 Cadmus
420 1912 481 1974 lovi
503 1932 584 1974 sacra
606 1914 736 1975 ferens
728 1933 760 1974 rn
782 1916 837 1976 bac
860 1913 930 1975 silva
952 1915 1158 2009 requiesceret
1176 1921 1216 1988 et,
1239 1933 1255 1974 a
1331 1952 1332 1955 =

181 2000 332 2062 Phoebo
325 2016 423 2060 tussus
437 2016 554 2059 vaccam
568 1999 631 2076 iugi
647 1999 809 2060 immunem
824 1998 919 2078 sequi,
941 1999 1060 2060 tandem
1076 1997 1255 2059 consisteret
1331 2030 1332 2071 p

172 2086 323 2164 ‘gentique
353 2084 389 2144 de
417 2083 491 2144 bove
513 2101 622 2144 nomen
646 2084 736 2145 daret
781 2084 853 2145 baec
879 2084 1061 2163 ineleganter
1083 2083 1159 2144 dicta
1183 2092 1255 2144 sunt
1331 2048 1332 2149 l

181 2171 233 2232 sed
255 2188 317 2231 non
339 2169 453 2231 vitiose.
485 2175 587 2228 contra
608 2168 680 2229 ierri
702 2187 763 2228 non
786 2177 883 2248 potest
905 2169 983 2248 quod
1007 2169 1116 2247 legitur
1131 2170 1193 2231 725
1209 2187 1253 2246 sq.
1331 2172 1332 2249 l

385 2263 437 2313 out
458 2257 561 2331 unquis
583 2256 649 2314 imis

385 2336 508 2398 collibus
530 2338 621 2399 editus
642 2355 753 2398 annoso
773 2356 864 2417 supro

385 2422 491 2482 roboro
512 2421 608 2483 sibilet
629 2432 796 2502 superatque
814 2425 913 2503 pinus,

384 2524 472 2584 supro
496 2504 638 2568 Cboonios
659 2506 758 2568 celsior
779 2507 895 2569 arbores

385 2595 478 2652 arcad
499 2591 660 2654 comulcum
681 2600 775 2671 capnt,

385 2692 450 2735 cum
470 2674 580 2737 maiore
602 2681 650 2738 sui
666 2687 752 2756 porte
773 2675 956 2737 recumberet.

180 2778 240 2823 non
264 2761 295 2821 in
319 2759 496 2821 narrationis
518 2778 680 2840 progressu
702 2760 772 2820 satis
787 2759 905 2838 quidem
920 2760 997 2820 miro
1016 2759 1194 2821 offendimus
1212 2795 1254 2804 —

179 2847 218 2908 ita
248 2846 328 2907 enim
355 2845 427 2906 haec
456 2853 554 2906 narrat
581 2846 663 2925 quasi
687 2845 764 2905 inter
787 2842 886 2905 Cadmi
909 2845 1064 2906 adventum
1087 2863 1255 2924 necemque

180 2932 316 2993 draconis
338 2929 464 2991 multum
486 2932 630 3010 temporis
648 2930 849 2990 intercesserit
866 2937 896 2990 et
910 2929 994 3009 quasi
1008 2929 1098 3007 angui
1113 2929 1162 2990 isti
1177 2929 1254 2990 nibil

179 3034 337 3079 commune
358 3015 447 3075 luerit
469 3033 537 3075 cum
552 3014 738 3094 pugnacibus
753 3023 849 3075 terrae
864 3013 943 3090 filiis,
967 3015 1098 3094 quamvis
1113 3013 1253 3075 Ovidium

179 3101 323 3180 exprimat
344 3133 401 3175 -‚
430 3099 482 3160 sed
511 3101 541 3159 in
573 3100 673 3161 eadem
701 3118 733 3159 re
761 3099 938 3160 intolerabili
967 3100 1054 3160 modo
1082 3098 1128 3159 bis
1157 3098 1253 3173 dicta;
1331 3114 1332 3191 j

179 3185 254 3248 nibil
282 3183 362 3246 enini
389 3203 415 3244 v.
440 3185 501 3248 728
531 3183 610 3245 aliud
639 3185 747 3245 dicitur
775 3202 862 3263 quam
889 3184 968 3263 quod
991 3185 1053 3246 727
1077 3182 1254 3259 audivimus,

179 3290 217 3333 ne
246 3269 388 3349 loquendi
417 3267 538 3347 quidem
567 3287 675 3348 genere
697 3268 805 3330 variato
828 3270 930 3349 (cupro
949 3287 1060 3330 annoso
1081 3268 1188 3330 roboro
1211 3302 1254 3313 -

178 3374 267 3436 supro
291 3354 433 3415 Chaonios
455 3353 592 3429 arbores).
637 3373 697 3415 non
728 3353 830 3415 dubito
854 3353 927 3433 quin
949 3354 1033 3415 locus
1054 3353 1255 3432 interpolatus
1331 3404 1332 3423 ,

266 3555 297 3620 ¹³)
319 3554 477 3607 commodius
500 3555 642 3607 sententiae
664 3560 748 3622 partes
771 3555 837 3607 inter
860 3569 889 3606 se
910 3555 1096 3638 coniungantur
1113 3555 1135 3606 si
1152 3555 1254 3606 scribas

126 3625 128 3627 ’
177 3625 227 3676 712
247 3622 393 3675 Castalium
410 3629 443 3673 ut
458 3639 564 3688 namur,
587 3624 627 3675 cui
646 3623 799 3690 respondeat
817 3626 865 3674 'lita
885 3629 915 3673 ut
931 3627 1064 3689 primum,
1088 3621 1256 3674 coordinetur

177 3693 227 3743 ‘122
246 3692 370 3753 deseruit,
388 3694 418 3743 ut
435 3694 484 3744 724
503 3662 624 3759 apodosis
642 3691 758 3759 incipiat.
779 3697 894 3757 tompore
905 3707 941 3741 aaa
956 3691 1013 3744 illo.
1040 3690 1085 3742 sed
1103 3689 1140 3741 sic
1158 3691 1252 3742 merito

176 3759 273 3811 diceres
295 3774 340 3826 per
361 3759 445 3826 priora
468 3759 519 3811 duo
544 3760 655 3812 membra
680 3760 832 3812 sententiam
850 3774 900 3810 non
920 3758 1069 3811 continuari·
1104 3763 1131 3808 et
1149 3757 1253 3810 videtur

176 3833 302 3878 structura
326 3828 395 3881 rudis
422 3833 448 3879 et
471 3841 561 3908 aspera
584 3844 634 3880 non
657 3843 688 3879 ex
712 3833 850 3879 metrorum
871 3826 1007 3878 insolentia
1031 3832 1130 3877 tanturn
1153 3825 1253 3878 seder

176 3894 253 3945 niuda
271 3910 373 3961 quoque
392 3894 476 3947 Ovidii
493 3896 635 3955 imitatione
646 3902 701 3947 orta
712 3911 781 3961 esse·
800 3894 869 3961 quod
882 3894 1040 3947 concedes
1019 3910 1041 3946 sr
1053 3893 1186 3960 relegeris
1188 3899 1250 3945 met

174 3961 214 4025 lll,
231 3965 247 4014 6
265 3976 303 4027 sq.
323 3962 366 4012 ubl
384 3962 473 4013 eodem
491 3963 580 4016 ordine
597 3979 638 4016 res
655 3963 816 4031 proteruntur
834 3967 861 4013 et
877 3961 985 4014 subinde
1002 3962 1086 4014 verbis
1105 3961 1211 4014 eisdem
