2720 4488
563 237 592 280 L·
614 238 720 282 uuum
740 238 868 282 SENECAE

500 386 644 450 Nururx
873 318 932 446 &js

263 472 352 536 Pavet
372 472 504 550 animus,
527 473 645 549 horret,
668 493 772 554 magna
796 475 944 556 pernicios
965 478 1059 541 adest.

180 556 308 621 immane
330 567 474 639 quantum
495 559 627 638 augescit
649 568 678 622 et
700 567 793 622 semet
819 560 905 622 dolor

179 644 315 707 accendit
336 645 399 725 ipse
420 643 538 724 vimque
560 644 750 724 praeteritam
771 645 908 725 integrat

179 728 238 790 vidi
259 729 408 791 lurentem
430 748 518 810 saepe
541 738 571 791 et
591 747 760 810 aggressam
780 730 863 804 deos,

180 814 294 877 caelum
315 815 496 879 trahentem:
519 815 613 877 maius
635 814 698 890 his,
721 814 816 878 maius
837 825 921 896 parat

179 899 280 963 Medea
302 909 479 962 monstrum.
524 918 651 980 namque
673 909 707 965 ut
728 901 852 962 attonito
875 903 967 982 gradu

180 986 271 1047 evasit
292 995 321 1047 et
342 984 493 1066 penetrale
515 983 666 1047 funestum
689 985 794 1065 attigit,

182 1077 257 1132 totas
279 1088 352 1150 opes
374 1070 500 1132 effundit
521 1078 551 1131 et
573 1069 716 1150 quidquid
739 1069 791 1131 diu
908 1072 911 1081 ’

181 1154 268 1219 etiarn
290 1155 353 1236 ipsa
376 1155 474 1217 timuit
494 1155 604 1235 promit
625 1167 714 1236 atque
736 1174 856 1217 omnem
878 1155 1004 1238 explicat

180 1241 297 1303 turbam
318 1238 473 1316 malorum,
495 1258 601 1303 arcana
623 1248 736 1303 secreta
758 1240 865 1317 abdita,

179 1334 209 1387 et
229 1325 312 1387 triste
334 1324 414 1387 laeva
435 1325 663 1405 icomprecans
685 1344 801 1387 sacrum
824 1319 915 1388 manu

181 1419 280 1490 pestes
301 1420 385 1473 vocat
406 1428 608 1491 quascumque
631 1410 771 1474 ferventis
793 1421 873 1474 creat

181 1496 290 1557 harena
311 1495 420 1577 Libyae
442 1514 576 1576 quasque
597 1504 742 1577 perpetua
764 1497 831 1581 nive

180 1580 296 1643 'laurus
319 1581 458 1644 cohercet
479 1580 589 1662 lrigore
612 1584 720 1645 Arctoo
742 1582 853 1659 rigens,

182 1674 212 1727 et
233 1685 322 1728 omne
343 1674 520 1729 monstrum.
564 1675 656 1730 tracta
678 1666 799 1746 magicis
822 1665 957 1728 cantibus

179 1752 357 1832 squamifera
378 1751 498 1815 latebris
519 1751 606 1813 turha
627 1751 751 1814 desertis
773 1751 864 1813 adest.

180 1836 231 1899 hic
251 1854 335 1899 saera
358 1855 482 1918 serpens
503 1854 614 1917 corpus
636 1837 812 1899 immensum
837 1836 926 1899 trahit

179 1922 365 2002 trifidamque
386 1922 517 2000 linguam
540 1930 651 1985 exertat
673 1932 703 1985 et
724 1922 839 2002 quaerit
862 1923 970 2003 quibus

180 2006 332 2069 mortilera
352 2005 464 2070 veniat:
488 2008 618 2070 carmine
640 2006 740 2069 audito
762 2014 863 2087 stupet
932 2035 937 2039 ·

182 2092 387 2171 tumidumque
409 2091 496 2154 nodis
517 2110 627 2174 corpus
649 2092 778 2172 aggestis
800 2092 889 2172 plicat

182 2177 321 2257 cogitque
342 2178 373 2239 in
396 2177 492 2239 orbes.
538 2183 635 2256 ‘parva
658 2178 736 2239 sunt’
758 2178 856 2258 inquit
878 2178 963 2241 ‘mala

95 2340 98 2346 ἱ
183 2262 289 2325 etoile
311 2261 402 2323 telum
426 2270 486 2338 est,
509 2262 565 2324 ima
588 2262 667 2343 quod
689 2262 776 2325 tellus
798 2271 895 2324 creat:

181 2347 262 2409 caelo
285 2357 382 2428 petam
404 2365 525 2409 venena.
570 2348 626 2409 iam
649 2347 706 2409 iam
730 2355 848 2428 tompus
869 2359 915 2411 est

180 2431 291 2512 aliquid
312 2450 431 2494 movere
452 2432 555 2494 lraude
577 2432 689 2511 vulgari
711 2432 808 2494 altius.

181 2517 242 2579 huc
263 2518 313 2579 ille
333 2517 405 2579 vasti
427 2535 510 2579 more
532 2517 673 2579 torrentis
695 2517 796 2580 iacens

182 2602 340 2665 descendat
360 2604 482 2683 anguis,
505 2603 592 2665 cuius
614 2603 774 2667 immensos
796 2603 880 2679 duae,

181 2689 277 2751 maior
296 2687 470 2768 minorque,
493 2689 627 2751 sentiunt
648 2688 744 2750 nodos
765 2689 845 2751 lorae

181 2774 287 2852 (maior
307 2771 438 2852 Pelasgis
460 2781 542 2853 apta,
566 2773 696 2835 Sidoniis
717 2774 826 2848 minor)
938 2836 942 2839 .

181 2876 359 2939 pressasque
381 2858 500 2921 tandem
522 2858 615 2920 solvat
636 2859 810 2940 Ophiuchus
832 2875 936 2920 manus

144 2944 148 2955 '
181 2944 322 3024 virusque
343 2943 462 3017 lundat3
486 2943 562 3005 adsit
582 2944 618 3006 ad
640 2952 744 3008 cautus
766 2962 849 3006 meos

181 3029 325 3091 lacessere
346 3047 437 3092 ansus
459 3028 575 3107 gemina
597 3029 713 3110 Python
735 3029 868 3091 numina.

182 3122 212 3175 et
233 3113 332 3193 Hydra
353 3121 382 3174 et
404 3113 501 3174 omnis
524 3113 624 3175 redeat
645 3113 789 3176 Herculea
811 3132 901 3176 manu

183 3199 298 3260 succisa
319 3216 460 3278 serpens,
483 3199 572 3260 caede
594 3218 627 3261 se
648 3216 790 3279 reparans
811 3217 874 3260 sua.

181 3293 216 3345 tu
238 3301 358 3363 quoque
380 3282 490 3345 relictis
512 3283 636 3362 pervigil
659 3282 777 3345 Colchis
798 3283 878 3360 ades,

180 3368 279 3448 sopito
299 3368 428 3449 primum
451 3368 601 3467 cantibus,
624 3385 766 3448 serpens,
788 3369 881 3430 meis!

267 3503 317 3556 676
334 3516 448 3553 scaenae
464 3503 622 3554 iarcn'hitur
639 3501 737 3555 Nutrix⁴
754 3500 844 3555 Medea
896 3504 944 3556 671
959 3501 1105 3569 augessitlt'
1157 3505 1205 3557 677
1219 3503 1255 3555 el·
1302 3548 1311 3557 ,

181 3569 247 3622 ludit
259 3569 335 3623 codd.
345 3573 456 3621 correxi
522 3572 573 3623 666
590 3570 789 3638 complicans=A
807 3585 956 3638 comparans
979 3574 1122 3637 proposuit
1138 3571 1256 3623 Bueche-

182 3638 255 3690 loros
305 3640 355 3692 661
373 3637 481 3691 inventi
497 3638 548 3690 uA
565 3642 674 3704 corn&
724 3641 775 3692 663
791 3643 862 3692 arcto
883 3639 967 3692 oriens
985 3638 1010 3690 u
1065 3640 1115 3693 685
1134 3652 1255 3709 squamea

179 3706 226 3760 lat.
243 3706 269 3757 A
320 3709 370 3760 666
388 3721 445 3759 sera
462 3705 488 3757 A
555 3709 604 3760 667
624 3722 749 3775 quaerens
766 3706 792 3758 A
860 3710 910 3760 692
928 3708 979 3759 ianr
999 3720 1066 3759 nunc
1084 3712 1103 3759 t.
1121 3723 1144 3760 e.
1163 3709 1188 3759 A
1204 3709 1254 3759 iam

180 3773 593 3829 commensurationem
644 3777 961 3831 694-70802722—744
978 3780 1074 3828 entant
1089 3774 1159 3828 inlr
1203 3777 1254 3828 666

180 3840 332 3908 ρω176111
383 3845 433 3897 696
451 3843 577 3911 ophianus
593 3842 648 3896 ltu
698 3846 748 3898 666
766 3842 856 3895 fundat
872 3844 933 3897 lm.
952 3842 1044 3896 eandat
1061 3843 1154 3896 16611
1204 3845 1253 3895 766

181 3907 281 3975 phyton
299 3910 347 3975 Ες
416 3913 463 3963 761
483 3926 573 3965 manns
589 3910 638 3963 Itu
696 3913 746 3964 762
764 3911 875 3965 succisa:
894 3917 957 3967 onte
974 3926 989 3964 a
1007 3915 1142 3978 repuncta
1161 3914 1172 3964 t
1188 3910 1254 3963 ooli

181 3980 214 4024 ut
229 3977 283 4027 oid.
300 3976 331 4028 Il.
349 4005 383 4016 —
401 3977 461 4046 sede
479 3979 504 4029 It*
573 3982 622 4034 763
640 3979 739 4032 colchis
756 3983 795 4032 ar'o
813 3977 836 4031 u
