2658 4488
194 186 258 251 960
581 205 608 246 ι.
629 204 733 246 innam
755 204 880 247 samma

195 356 332 418 laxantur
353 354 439 434 adyto
462 355 519 416 iata
542 363 571 417 et
592 352 718 435 inmugit
742 372 849 436 specus

196 459 297 503 rocem
320 441 375 503 deo
398 439 538 501 solvente.
597 459 657 520 quo
680 449 835 520 postquam
858 440 961 501 iurcns

195 526 314 588 intrarit
335 528 443 587 Atreus
464 524 574 587 liberos
596 526 695 587 fratris
715 526 845 599 trahens,

196 620 340 673 ornantur
361 628 492 672 arae—
536 610 602 691 quis
624 618 712 692 quent
734 611 823 689 digne
846 607 969 690 eloquii

195 707 264 779 post
286 705 370 775 terga
391 695 531 757 iuvenum
553 694 670 756 nobiles
690 693 795 774 religat
817 712 924 757 manns

196 791 226 844 et
247 790 355 843 maesta
376 780 445 842 vitta
467 780 562 862 capite
584 797 735 862 purpurea
756 780 847 860 iigat;

197 883 259 928 non
282 876 346 928 tura
368 865 486 940 desunt,
508 885 570 927 nnn
592 884 674 927 sacer
696 864 801 926 Bacchi
825 863 925 945 liquor

195 960 380 1032 tangensque
402 951 478 1012 salsa
500 950 646 1012 victimam
669 948 765 1011 culter
788 949 876 1011 mola.

196 1047 329 1098 servatur
350 1035 447 1097 omnis
469 1036 552 1109 ordo,
575 1044 749 1097 natantum
773 1036 855 1097 naias

196 1140 257 1183 non
280 1122 336 1182 rite
357 1121 415 1182 flat.
460 1139 544 1181 cnon.
589 1119 662 1190 Quis
683 1138 803 1182 manum
826 1121 904 1182 ferro
927 1117 1087 1182 admovet?
1119 1134 1123 1141 ’

195 1226 280 1268 nvnc.
323 1206 391 1285 lpse
412 1213 458 1266 cst
480 1205 626 1280 sacerdos,
648 1206 712 1286 ipse
735 1206 850 1267 iunesta
873 1222 964 1287 prece

195 1290 282 1353 letale
304 1308 421 1352 carmen
446 1308 497 1352 ore
519 1290 649 1351 violento
671 1290 762 1366 canit,

199 1385 257 1438 stat
278 1376 342 1458 ipse
364 1375 400 1437 ad
423 1394 498 1451 aras,
521 1376 585 1458 ipse
607 1375 727 1437 devotos
749 1375 815 1436 neci

135 1536 137 1541 ι
198 1470 361 1524 contrectat
382 1469 411 1521 et
433 1461 585 1541 componit
608 1469 637 1521 et
657 1460 774 1524 tiemo
797 1460 946 1534 admotam

198 1546 325 1609 attendit
347 1546 427 1627 ipsc:
451 1546 531 1608 nulia
554 1564 622 1627 pars
643 1547 719 1607 sacri
741 1546 828 1626 perit.

197 1632 284 1694 lucus
304 1631 462 1705 tremescit,
484 1638 545 1693 tota
566 1646 709 1693 succusso
731 1630 795 1692 solo

198 1716 312 1779 nutavit
333 1716 411 1787 aula,
433 1715 520 1778 dubia
543 1735 602 1796 quo
625 1717 742 1797 pondus
763 1716 844 1777 daret

199 1821 234 1864 ac
255 1801 410 1863 fluctuanti
432 1801 552 1877 similis3
576 1801 695 1863 odacro
718 1802 834 1863 aethere

200 1898 296 1950 atrum
319 1886 451 1948 cucurrit
472 1886 594 1948 limitem
618 1888 698 1948 sidus
719 1888 848 1948 trahens.

200 1972 290 2034 libata
310 1973 342 2034 iu
365 1972 449 2051 ignes
470 1972 538 2033 rina
559 1981 671 2034 mutato
694 1972 791 2033 fluunt

201 2064 322 2118 cruenta
344 2056 470 2131 Baccho,
492 2058 606 2135 regium
629 2057 717 2138 capiti
739 2058 829 2118 decus

202 2142 248 2203 bis
271 2153 373 2223 terque
395 2142 510 2222 lapsum
533 2151 587 2217 est,
611 2143 691 2203 flevit
712 2142 743 2202 in
766 2140 884 2221 templis
904 2139 989 2201 ebur.

194 2242 320 2288 movere
342 2237 467 2288 cunctos
487 2236 628 2301 monstra,
650 2227 701 2288 sed
723 2225 804 2288 solus
826 2225 882 2287 siti

201 2313 342 2373 immotus
363 2314 470 2373 Atreus
492 2320 608 2373 constat
628 2319 715 2391 atquc
736 2311 816 2373 ultro
838 2307 923 2372 deos'

202 2407 294 2460 terret
314 2398 469 2458 minantes.
512 2397 629 2476 iamque
651 2397 770 2458 dimissa
791 2412 874 2457 mora

202 2481 318 2544 adsistit
339 2482 406 2558 aris,
427 2492 543 2542 torvum
565 2491 595 2542 et
615 2481 768 2562 obiiquum
790 2481 918 2543 intuens.

203 2566 302 2629 ieiuna
325 2566 404 2628 silvis
426 2565 521 2646 qualis
543 2566 573 2627 in
597 2565 766 2647 Gangeticis

203 2653 281 2714 inter
302 2652 442 2713 iuvencos
455 2651 547 2731 tigris
568 2654 675 2714 etraut
696 2653 779 2720 dnos

203 2737 358 2834 utriusque
379 2736 504 2817 praedae
525 2737 631 2818 cupida
654 2755 714 2835 quo
736 2739 866 2818 primum
888 2738 961 2798 ierat

204 2822 315 2884 incerta
337 2839 454 2882 morsus
476 2822 595 2905 (flectit
599 2824 658 2884 huc
680 2824 772 2884 rictus
793 2840 873 2895 suos,

204 2906 255 2968 ilio
276 2906 402 2969 reflectit
424 2914 453 2968 et
473 2907 579 2969 famem
603 2908 720 2969 dubiam
743 2910 845 2985 tenet),

205 2993 248 3054 sic
269 2992 362 3053 durus
383 2993 491 3053 Atreus
513 2994 607 3074 capita
630 2993 762 3054 devota
753 2993 860 3074 impiae

199 3076 405 3157 'speculatur
397 3095 465 3138 irae.
510 3096 597 3157 quem
621 3078 705 3158 prius
727 3086 836 3139 mactet
857 3076 912 3138 eibi

205 3161 328 3237 dubitat,
350 3162 478 3223 secunda
500 3162 606 3223 deinde
624 3180 717 3244 quem
739 3163 827 3223 caedo
849 3159 991 3222 immolat.

205 3265 261 3308 nec
283 3247 469 3308 interest-
491 3247 551 3307 sed
564 3247 677 3308 dubitat
699 3257 727 3307 et
749 3262 865 3308 saevum
889 3245 986 3307 socius
1241 3258 1283 3307 715

206 3333 284 3393 iuvat
306 3332 451 3393 ordinare
497 3340 581 3392 cnon
625 3330 719 3401 Quem
741 3341 838 3393 tamen
860 3332 940 3393 ferro
962 3325 1110 3411 occupat?-

205 3437 287 3478 nvnn.
332 3416 449 3478 Primus
471 3416 554 3477 locus
575 3419 627 3493 (ne
649 3418 733 3478 desse
754 3418 892 3499 pictatem
914 3421 1012 3497 putea)

205 3520 258 3563 avo
280 3502 407 3563 dicatur:
431 3500 570 3563 Tantalus
593 3501 685 3582 prima
709 3503 803 3563 hostia
826 3512 880 3564 est.

205 3655 410 3665 *οι-

292 3736 353 3788 685
358 3740 462 3787 revocat
478 3742 569 3788 manns
586 3737 612 3788 A
679 3739 729 3790 688
747 3740 888 3804 tangensve
905 3738 990 3789 A.-
1012 3735 1128 3809 sung
1175 3738 1229 3788 694
1247 3736 1279 3795 cs.

195 3814 229 3852 ¹v.
247 3803 314 3867 69ος
329 3807 451 3867 genuino
471 3806 551 3854 cerda
573 3804 685 3871 expono
706 3805 833 3858 videretur
892 3809 945 3860 tot
961 3804 1060 3859 assiluit
1077 3790 1128 3855 oris
1143 3805 1170 3853 A
1232 3807 1279 3856 ‘ild

205 3870 297 3920 ΙιοοΕ
348 3871 540 3922 titianeni]
591 3875 640 3925 712
658 3873 767 3925 dnusA
819 3878 867 3928 713
886 3873 1068 3942 speculatorio
1120 3875 1279 3925 'iidsecnn-

206 3934 264 3986 dam
283 3938 340 3986 Ε·
375 3942 423 4015 715
440 3943 540 3990 tantum
558 3940 643 3992 scelus
660 3942 685 3994 A
