2776 4476
172 219 235 293 206
626 236 787 293 δνινννινοτν,

171 388 278 453 deiude

375 482 409 537 ut
430 476 501 552 repit
522 476 646 547 animos,
667 505 710 533 -τ
727 477 860 552 praepeti
878 491 965 551 ouran
987 473 1079 553 eooiqn
1101 509 1142 537 -,-
1212 545 1221 553 ,

374 569 402 625 et
423 569 506 629 torva
528 576 632 619 currus
650 568 719 633 ‚ante
741 559 912 638 trepidantes
931 563 1017 633 stetit,

171 661 199 721 id
223 669 304 722 certe
326 660 437 722 riarum
460 667 506 721 est
527 660 564 720 de
579 659 682 720 semim
697 659 822 739 quadam
837 668 954 740 poetam
967 661 1055 740 ioqui
1070 677 1157 741 quae,
1179 680 1248 729 aum

172 745 283 807 diversa
306 745 345 806 sit
365 744 402 806 ab
425 763 458 806 ea
480 743 524 805 ria
546 762 635 823 quam
647 742 828 824 dlippolqtus
844 763 912 806 oum
928 746 1085 808 comitibus
1102 747 1247 825 sequitur,

171 830 300 909 primum
323 849 339 891 a
361 838 496 892 monstro
514 837 663 903 ‚mnemon
685 837 788 909 postea
811 829 996 911 relinquatur
1011 840 1045 893 ut
1059 832 1157 910 ipsum
1174 831 1248 911 Hip-

171 916 304 996 polytum
332 924 421 996 petat.
461 914 600 977 semitam
628 915 713 976 istam
742 915 878 978 audimus
898 921 996 979 oioinu
1018 929 1133 997 tenpore
1153 921 1247 997 spatio

169 1005 312 1081 suppositi
331 1002 460 1077 nonnisi)
496 1000 553 1062 iam
576 1000 668 1061 siria
691 1000 727 1060 ad
745 1002 848 1080 tdqgos
870 1001 983 1064 duoeos
1005 1002 1129 1065 omuino
1151 1002 1247 1067 uomi-

172 1095 268 1162 uatur,
290 1106 325 1149 ea
347 1086 434 1148 debet
456 1103 601 1164 essequa
624 1084 802 1165 Hippolytus
824 1087 1038 1166 proficiscitur3
1070 1087 1115 1149 via
1136 1087 1193 1153 alta
1214 1087 1246 1151 io

170 1171 295 1232 collibus
324 1170 420 1250 ruptis
448 1169 499 1232 ubi
527 1180 695 1231 monstrum
725 1170 862 1235 omsistit
883 1180 1040 1251 antequam
1063 1173 1137 1235 viam
1159 1172 1248 1239 iutrat

170 1257 327 1335 spatiosam
355 1266 513 1335 aptamque
541 1255 696 1327 curribus,
726 1275 786 1317 aaa
816 1264 913 1335 potest
937 1263 988 1318 oia
1008 1258 1046 1320 ad
1066 1259 1157 1336 Arpos
1179 1257 1246 1318 diei.

170 1340 271 1421 itaque
294 1343 389 1419 Argos
410 1349 584 1419 corruptum
607 1350 668 1412 est;
698 1358 755 1401 aes
776 1359 853 1403 sane
876 1341 999 1422 diguam
1022 1342 1071 1404 eui
1095 1350 1138 1405 tot
1158 1341 1247 1409 suto

170 1425 390 1506 impendantur,
413 1426 525 1505 quippe
547 1425 627 1505 quod
650 1444 688 1486 ne
709 1426 847 1487 meddam
871 1426 989 1506 quidem
1012 1428 1175 1508 antiquitus
1190 1426 1246 1504 ‚sed

169 1511 206 1573 ab
228 1511 439 1592 interpolatore
468 1510 654 1591 suppositum
684 1509 722 1571 sit
751 1529 806 1591 pro
836 1513 964 1590 genuina
989 1513 1136 1593 scriptura
1157 1531 1245 1592 quam

169 1595 294 1658 servavit
319 1595 479 1661 Etruscus:

241 1685 249 1698 '
374 1692 415 1743 est
435 1681 495 1742 aito
515 1681 554 1741 ad
574 1698 682 1759 apros
704 1678 822 1742 callibus
842 1685 937 1762 ruptis
958 1687 1019 1744 oia.

169 1802 276 1863 nempe
298 1783 427 1862 pecudes
449 1791 643 1862 pastoresque
665 1799 718 1860 per
740 1797 827 1859 agros
849 1782 1000 1862 iugemnt3
1028 1802 1083 1864 per
1104 1803 1179 1864 quos
1201 1786 1246 1845 via

169 1868 306 1930 curribus
328 1877 395 1948 apta
418 1867 558 1940 ducebam
581 1883 676 1946 prope
695 1875 791 1929 autem
807 1885 861 1946 per
876 1867 972 1929 litoris
986 1870 1126 1949 scopulos
1143 1869 1244 1932 semita

168 1970 249 2014 mare
269 1961 404 2032 tangens.
450 1951 556 2014 axilla
578 1968 646 2013 oum
669 1961 836 2012 monstrum
858 1953 1006 2033 prorupit,

267 2057 347 2119 1068
370 2053 578 2136 inobsequentes
596 2057 731 2133 protinus
752 2054 846 2132 frenis
867 2059 933 2134 eqni

372 2158 494 2218 rapuere
515 2157 635 2199 currunt
658 2143 770 2219 iamque
793 2140 992 2200 derrantes
1014 2143 1077 2200 oio

372 2242 545 2305 quoeunque
565 2222 680 2287 rabidas
697 2225 822 2303 pauidus
843 2229 938 2304 evenit
958 2225 1055 2302 furor,
1139 2283 1142 2288 ,
1320 2297 1322 2300 ⁴

370 2308 422 2372 itae
442 2313 486 2371 ire
505 2320 631 2389 perpnnt
651 2327 756 2390 seque
782 2327 849 2389 per
877 2307 1046 2389 scopulos
1075 2321 1200 2387 apnnt.

168 2410 266 2489 itaque
288 2420 457 2472 monstrum
475 2429 567 2490 equos
582 2410 704 2489 planum
720 2409 889 2489 relinquere
903 2420 934 2472 et
948 2428 1069 2471 autrum
1082 2429 1139 2501 per
1154 2428 1244 2489 rupes

167 2496 367 2576 scopulosque
395 2496 476 2557 uode
504 2496 602 2575 ipsum
632 2495 791 2556 desiluerat
819 2496 935 2567 trahere
963 2495 1050 2574 cogit.
1102 2495 1243 2556 ibidum

166 2580 344 2661 Hippolytus
366 2580 473 2642 misere
495 2580 649 2654 laceratur,

267 2686 347 2747 1105
370 2694 471 2745 mont
489 2701 544 2763 per
565 2701 649 2761 apros
670 2679 802 2760 funebris
822 2681 933 2759 famudi
953 2699 1064 2752 naam,

367 2787 421 2848 per
442 2767 493 2829 ilia
515 2788 571 2848 qua
592 2768 744 2831 destruens
765 2764 938 2846 Hippolytus
960 2766 1020 2829 loeo

371 2854 486 2932 lonporn
508 2863 625 2915 noenta
647 2855 791 2915 tramitem
809 2855 910 2930 siritii,
925 2861 1004 2914 nota.

201 2946 205 2954 “
251 2955 377 3016 vidimus
392 2955 482 3033 igitur
493 2973 531 3015 ue
541 2953 591 3015 hio
601 2953 720 3033 quidem
735 2952 929 3032 praeteragri
939 2951 1100 3029 literisque
1110 2950 1243 3017 manuo-

167 3059 235 3101 nem
259 3040 416 3120 qaioquam
439 3040 475 3101 de
497 3038 632 3100 locorum
653 3039 712 3102 situ
729 3047 847 3117 poetam
863 3036 1020 3101 iudicasse.
1057 3037 1242 3114 etquooiam
1278 3073 1282 3081 -
1383 3000 1384 3083 i

167 3125 344 3186 removimus
366 3125 446 3202 quod
468 3123 660 3202 disputationi
683 3129 801 3183 nostrae
823 3122 941 3185 obstare
962 3121 1056 3183 visum
1079 3130 1140 3195 est,
1163 3120 1242 3182 aliud

166 3208 306 3271 addemus
328 3227 387 3288 quo
403 3207 504 3270 nescio
520 3227 557 3269 au
574 3207 788 3288 quodammodo
805 3206 951 3269 iuioiatur.
980 3207 1121 3269 nimirum
1138 3216 1242 3267 notum

167 3302 212 3356 est
240 3295 320 3374 quod
341 3293 549 3355 Laahmauous
577 3293 648 3353 dioit
668 3293 704 3354 ad
727 3292 816 3357 Luor.
839 3311 869 3371 p.
892 3294 970 3354 327:
1000 3290 1169 3370 Propertius
1190 3292 1242 3351 od·

166 3383 299 3441 iectiounr
320 3377 429 3459 qaoque
450 3396 555 3440 noman
576 3377 702 3441 breviori
720 3376 773 3439 etto
793 3379 917 3456 pennam
941 3377 1099 3454 insienione
1128 3374 1242 3447 ontulit,

166 3465 214 3526 sed
233 3483 326 3526 unum
347 3462 527 3542 (Feretri).
572 3465 647 3525 idem
666 3467 719 3545 qui
734 3472 851 3543 praeto
874 3460 949 3525 dnus
975 3465 1042 3522 ansi
1061 3464 1133 3532 sint,
1157 3459 1242 3520 Iuve-

165 3549 260 3611 nalem
282 3554 396 3611 inoenio
416 3548 476 3626 (Vi,
493 3550 554 3612 385
577 3553 741 3610 nominis
756 3544 860 3627 Appi)
875 3557 901 3608 at
913 3545 1050 3611 δννννανν
1066 3550 1117 3627 qni
1128 3548 1242 3624 scripsit

166 3640 197 3696 in
218 3633 373 3717 Hippolyto
401 3636 481 3707 tone
503 3653 635 3696 namen
656 3633 841 3713 Epidauri
869 3632 935 3693 dei.
981 3632 1017 3693 at.
1032 3630 1073 3695 1B·
1097 3629 1241 3697 Schmidt.

166 3739 195 3799 p.
219 3723 238 3784 6
261 3739 306 3801 sq.
349 3720 448 3799 itaque
471 3738 509 3780 oa
530 3719 592 3779 hoa
609 3720 728 3799 quidem
747 3718 880 3779 ’Seuooae
895 3716 1108 3795 imputandum
1131 3724 1185 3779 est.

178 3839 367 3847 ----.-

137 3935 142 3947 ·
250 3903 272 3968 θ)
291 3894 713 3966 ct.Stn.rn'eb.1t,sotmootas
731 3902 785 3952 alto
800 3905 874 3951 aeaut
890 3914 987 3965 aspero
1004 3913 1085 3964 rupes
1102 3898 1241 3962 samita,

165 3985 246 4034 qnam
262 3972 353 4020 subter
370 3974 477 4035 campi
494 3972 648 4035 diurnaque
666 3970 728 4022 tota
746 3984 812 4021 arua
829 3970 920 4019 iacent
936 3969 1039 4034 spatiis.
