2686 4482
141 176 201 237 134
476 190 514 235 nn
536 188 664 233 eaurrcrs
685 188 872 233 normanis.

68 358 73 365 ’
138 341 354 406 adnotavimus:
387 340 473 422 plura
500 339 570 402 sciri
599 342 814 418 noqueunt.2⁸)
864 338 978 402 aceedit
1004 339 1149 420 denique,
1180 341 1214 402 in

139 447 199 508 quo
224 446 285 489 non
307 444 430 507 parvum
451 425 541 487 situm
563 442 628 487 esse
649 434 833 487 momentum
854 426 977 488 aestimo
992 457 1035 471 --
1050 426 1217 504 tetigerunt

138 513 172 574 B.
195 511 375 574 Schmidtius
397 519 427 572 et
447 509 658 572 llabruclrerus
671 543 724 584 -‚
746 509 870 573 traditus
892 510 924 572 in
943 508 1070 572 Etrusco
1091 520 1217 590 tragoe-

138 598 253 659 diarum
275 596 365 672 ordo;
387 596 419 657 in
444 595 496 656 illo
518 595 598 657 enim
620 613 686 656 sese
700 595 853 675 excipiunt
866 603 934 675 post
948 594 1064 675 priores
1078 596 1217 676 quinque

140 683 273 762 Oedipus
301 683 481 760 Agamemno
511 680 652 760 Thyestes
680 678 840 754 Herculem
870 688 958 759 atque
980 679 1137 758 ignoscant
1157 680 1217 740 riri

139 767 219 829 docti
233 767 367 847 priorum
389 767 557 846 horumque
571 773 739 844 temporum
753 765 781 826 si
794 765 841 825 rix
855 766 988 826 futurum
1004 764 1096 826 luisse
1108 765 1216 827 duero

140 864 174 914 ut
188 854 225 912 de
238 852 468 930 Agamemnonis
489 858 610 913 auctore
623 850 811 929 suspiciones
829 849 1044 928 proferrentur,
1066 849 1092 911 si
1107 850 1218 911 ordine

139 938 266 1018 pristino
288 935 355 999 illae
377 935 408 998 in
431 933 610 999 editionibus
629 935 759 1014 proponi
773 934 913 996 solerent.
943 952 1032 1014 quem
1046 934 1218 1014 tragoedia·

139 1039 206 1083 rum
228 1021 348 1102 corpori
369 1019 586 1082 restituendum
608 1038 672 1081 esse
694 1028 784 1100 patet.
817 1018 963 1099 Oedipum
978 1027 1079 1081 autem
1092 1027 1121 1081 et
1135 1022 1217 1098 Aga-

138 1125 297 1168 memnona
319 1124 387 1167 cum
410 1106 500 1167 unius
521 1103 713 1185 eiusdemque
734 1104 863 1167 auuoris
885 1122 951 1165 esse
974 1112 1088 1166 certum
1111 1103 1159 1176 sit,
1183 1113 1220 1166 et

140 1191 204 1254 illas
226 1200 255 1253 et
273 1191 422 1269 Thyesten
445 1208 513 1251 cum
535 1188 663 1252 Hercule
686 1189 796 1252 Oetaeo
818 1188 985 1252 abiudicare
1007 1189 1137 1251 Senecae
1160 1189 1218 1249 de-

139 1277 220 1340 bebit
241 1276 293 1356 qui
314 1276 434 1337 alteram
457 1283 551 1337 utram
573 1274 709 1338 voluerit.

225 1361 325 1440 itaque
346 1361 511 1439 longiorem
533 1377 622 1439 quam
644 1376 697 1439 per
720 1369 765 1421 est
787 1358 1015 1438 disputationem
1037 1376 1100 1420 non
1122 1358 1219 1420 debili

140 1445 191 1507 illo
214 1455 243 1509 et
263 1445 413 1525 anrbiguo,
436 1463 496 1526 quo
518 1454 642 1525 propter
664 1445 909 1506 documentorum
931 1443 1002 1505 satis
1017 1443 1147 1522 grauium
1163 1445 1218 1504 in-

140 1531 238 1610 opiam
260 1530 305 1591 rei
326 1529 452 1593 subinde
474 1529 674 1607 dimittuntur,
696 1529 748 1591 sed
770 1527 840 1593 satis
855 1528 975 1590 delinito
991 1527 1220 1590 terminavimus

140 1615 265 1690 iudicio,
295 1633 355 1695 quo
384 1614 534 1677 sciliceta
557 1614 644 1676 nobis
664 1615 767 1676 saltem
789 1623 824 1675 ut
844 1630 932 1676 suum
954 1613 1063 1693 cuique
1085 1612 1220 1689 dabitur,

140 1701 184 1762 sic
205 1701 337 1763 Senecae
359 1701 549 1779 Agamemno.

144 1819 332 1835 m

226 1884 258 1948 ²⁸)
275 1884 362 1937 omnia
378 1885 509 1950 comperta
526 1887 586 1935 suat
603 1882 724 1950 Peipero,
741 1883 814 1935 cuius
830 1877 1066 1949 μουσοδονῆμαια
1085 1888 1114 1932 ut
1129 1880 1220 1948 plera-

140 1968 191 2021 que
213 1967 264 2004 uon
287 1957 433 2019 tangerem,
456 1949 505 2003 uisi
526 1950 611 2018 suppl.
635 1950 715 2017 praei.
737 1966 763 2017 p.
779 1952 813 2004 32
836 1965 875 2017 sq.
898 1957 1009 2001 narraret
1029 1949 1056 2001 in
1077 1949 1220 2016 Agamem-

140 2034 208 2072 none
226 2023 252 2071 et
269 2017 376 2071 Hercule
394 2014 512 2071 Oetaeo‘
534 2033 619 2071 rorsus
637 2017 701 2070 nihil
718 2033 750 2071 ex
765 2017 816 2070 illia
835 2032 862 2070 se
880 2016 996 2084 potuisse
1032 2015 1125 2069 roierre
1143 2017 1221 2084 quod

140 2086 328 2155 quodammodo
345 2085 377 2137 ad
395 2101 447 2138 rem
465 2035 594 2152 publicam
611 2087 739 2154 pertinere
755 2084 837 2138 videri
849 2091 938 2153 posset
949 2032 1146 2138 sivelleroneae
1158 2086 1219 2137 sive

139 2156 289 2275 posterioris
306 2148 412 2207 aetatis?
450 2154 519 2221 quod
537 2169 584 2206 nos
602 2153 705 2221 quidem
721 2153 795 2206 facile
813 2152 985 2217 concedimus,
1003 2167 1053 2204 non
1069 2151 1143 2219 plura
1162 2154 1219 2205 sei-

159 2230 200 2276 cet
218 2238 294 2291 quam
311 2238 343 2275 ex
361 2223 412 2275 ulla
431 2223 560 2289 tragoedia
579 2221 699 2276 Senecae
728 2226 830 2274 etcum
850 2220 943 2273 adiciat
960 2221 1005 2273 illa
1020 2236 1047 2273 re
1061 2220 1221 2274 comeaeris

141 2292 194 2345 suis
212 2290 244 2344 de
260 2289 449 2358 tragoediarum
466 2297 569 2343 auctore
586 2306 638 2343 non
655 2290 775 2357 exignum
786 2289 869 2357 pareri
879 2288 1029 2354 subsidium,
1046 2287 1128 2341 dicam
1143 2289 1218 2355 quod

141 2359 238 2411 sentio:
256 2358 374 2411 nimuum
392 2359 441 2411 nisi
458 2363 575 2426 putasset
584 2357 707 2425 Peiperus
720 2359 937 2425 Agamemnonem
954 2372 1005 2411 non
1019 2371 1076 2409 esse
1090 2354 1219 2410 aSeneca

141 2428 270 2494 scriptam,
287 2426 351 2479 haec
369 2441 392 2479 e.
410 2441 434 2493 g.
452 2426 600 2493 protulisset
618 2435 645 2479 et
662 2426 693 2478 ad
712 2424 843 2477 Octaviam
861 2425 988 2493 pertinere
1005 2424 1171 2477 coniecisset:

188 2551 192 2559 Ι
268 2511 293 2546 v.
313 2497 363 2547 264
382 2494 426 2545 lea
444 2495 501 2546 alio
516 2493 584 2545 solio
603 2501 649 2560 art,
668 2493 724 2546 alta
740 2499 848 2559 priuato
865 2497 896 2544 ιἰι
915 2499 981 2543 toro.

312 2564 361 2616 279
379 2562 446 2629 quta
462 2563 573 2615 dommo
586 2563 699 2629 prodest
715 2566 771 2612 vita
788 2563 895 2627 flagitio
913 2567 1031 2614 ammte?

378 2633 427 2681 udi
443 2631 566 2685 dominus
584 2631 643 2683 odit
658 2630 690 2693 fit
706 2646 813 2695 atonem,
829 2646 885 2681 noa
902 2633 1052 2695 quaerimur.

311 2699 360 2751 282
377 2714 433 2751 coo
451 2698 518 2750 dant
534 2701 636 2750 emtum
652 2697 656 2760 Ι
671 2698 786 2764 repudio
803 2713 907 2763 ragam,

141 2769 167 2818 et
184 2765 249 2818 hanc
266 2766 424 2834 tragoediam
443 2767 615 2819 contendisset
632 2765 788 2818 coss.lllario
806 2764 880 2817 Celso
898 2765 926 2816 L.
936 2764 1024 2816 Asinio
1042 2762 1114 2816 Gallo
1132 2764 1220 2832 scrip·

141 2840 194 2885 tam
212 2848 277 2887 esre.
303 2833 368 2886 adeo
386 2835 453 2888 enirn
469 2849 645 2902 quaecumque
656 2833 700 2886 iile
712 2834 745 2885 de
757 2833 945 2900 tragoediarum
957 2836 1042 2885 aetate
1054 2837 1220 2886 commentus

140 2907 181 2954 est
197 2903 295 2955 somnia
312 2910 372 2956 aunt
389 2918 524 2970 nugaeque
542 2917 633 2956 merae
