2776 4476
609 221 767 263 monceau.
1156 206 1219 269 ton
1333 260 1335 267 ⁴

142 375 250 437 deinde
272 392 340 436 vero
363 381 443 453 patet
463 368 588 435 v.1027
612 391 759 435 summum
780 391 914 436 cacumen
933 383 1016 436 roret
1037 394 1063 436 e.
1079 395 1108 456 q.
1123 394 1148 436 s.
1183 376 1218 436 ed

142 469 309 522 monstrum
332 458 404 520 illud
425 458 530 518 relerri
551 476 615 529 non
632 474 721 537 posse
738 458 763 518 si
777 476 821 518 vv.
839 458 1006 521 1022-24
1021 459 1219 522 intercedunt.

143 556 232 625 atque
247 562 330 606 nuuc
344 543 462 605 tandem
478 541 677 622 comperimus
692 543 764 621 quid
775 553 919 621 quaerant
930 542 1082 624 Hippolyti
1097 547 1219 608 comites

16 652 26 715 s
143 650 170 691 v.
196 632 293 694 1025:
316 628 456 689 nimirum
478 627 669 706 quaestiones
689 645 765 705 quas
786 628 949 690 audivimus
971 646 997 689 v.
1023 632 1121 696 1020:

603 731 676 791 proc
695 730 805 774 nouum
827 713 910 775 tellus
931 726 1016 793 captet
1074 750 1081 757 ·

347 799 470 860 ostendit
490 795 602 859 osmi?
632 796 732 876 metas
753 797 1005 867 mantoncourt?

143 902 218 964 quas
246 901 328 944 nunc
355 883 453 945 elucet
479 891 542 944 arte
572 901 640 944 cum
668 901 695 942 v
720 883 801 946 1015
829 885 988 945 cohaerere
1016 893 1046 946 et
1073 886 1217 965 quidquid

143 969 300 1031 intercedit
321 978 355 1030 ut
376 967 497 1029 fixum
489 987 521 1029 ru
543 985 669 1047 corpore
691 967 861 1063 paxillum
853 988 917 1047 rpsa
932 987 1033 1031 rerum
1048 979 1153 1032 natura
1168 989 1218 1032 ex·

143 1055 232 1152 primi
254 1064 284 1115 et
305 1053 422 1134 expelli.
458 1053 558 1131 itaque
578 1054 637 1113 hoc
657 1052 791 1113 saltem
783 1072 814 1113 in
829 1054 920 1114 rebus
940 1055 1145 1158 geographicis
1160 1055 1218 1118 cri·

141 1140 224 1202 mine
245 1140 388 1200 Senecam
409 1138 560 1199 absolvere
582 1138 757 1217 poterimus

229 1224 369 1304 quoniam
391 1242 418 1282 r.
438 1224 618 1287 rona-224
641 1241 703 1284 uon
725 1241 791 1283 esse
812 1242 829 1284 c
850 1223 964 1286 Seneca
986 1194 1115 1304 scriptos
1136 1243 1217 1287 com·

141 1310 284 1390 probasse
306 1308 379 1371 mihi
393 1307 550 1369 rideor-
508 1326 634 1369 -nam
649 1308 686 1368 de
700 1306 834 1369 versibus
850 1310 1081 1405 transponendo
1096 1312 1218 1409 cogitari

141 1395 247 1475 nequit
266 1427 309 1439 -
331 1412 426 1455 uuum
455 1393 491 1454 ad
520 1391 710 1454 refutandum
739 1400 829 1453 restat
851 1394 960 1473 quod
953 1413 1010 1456 rem
1033 1395 1144 1457 dudum
1166 1397 1218 1477 qui

141 1489 234 1541 totam
263 1478 460 1539 narrationem
489 1477 626 1555 legerunt
653 1477 725 1538 mihi
751 1477 915 1540 obicientes
936 1479 1033 1540 audio.
1076 1481 1217 1542 nimirum

141 1575 279 1626 constare
301 1563 387 1624 sihi
379 1582 410 1623 rn
434 1581 535 1624 errore
557 1563 756 1642 geographico
778 1563 939 1640 Senecam,
962 1573 999 1625 ut
1019 1566 1118 1644 quir.
1137 1569 1217 1669 1057

141 1649 289 1711 dicentem
310 1647 449 1710 nuntium
470 1647 572 1710 iaciat.

344 1742 385 1794 est
405 1733 466 1795 olto
487 1734 526 1795 od
546 1734 635 1811 Arpos
656 1731 773 1795 collidus
794 1737 887 1811 ruptis
908 1738 957 1795 oio

346 1822 442 1880 vicino
456 1829 581 1896 tcupeos
602 1823 695 1897 spatio
715 1821 858 1921 supposui
876 1824 977 1894 martir,

141 1921 202 2006 quo
216 1903 371 1964 manileste
386 1921 556 1982 expressam
571 1921 636 1964 esse
650 1899 710 1999 τὴν
727 1898 827 1977 coelic
835 1897 979 1984 ’Ἄργους
993 1893 1217 1984 κᾶπιδαυρίας

142 1984 221 2051 oddo
244 1988 327 2062 (Eur.
350 1987 563 2067 1110011197).
607 1988 711 2049 hocsr
734 2006 836 2049 verum
859 1998 937 2050 esset
961 1989 1037 2049 ultro
1060 2008 1135 2067 quae
1157 1989 1217 2050 dis-

141 2074 307 2153 putavimus
335 2080 520 2135 corruerent.
564 2072 614 2132 sed
642 2072 743 2152 paullo
771 2074 936 2135 accuratius
965 2074 1020 2135 hos
1047 2092 1148 2135 versus
1169 2075 1216 2135 in·

140 2177 155 2219 s
189 2177 311 2220 cremus.

156 2178 188 2239 μ
227 2242 405 2322 Hippolytus
427 2241 556 2303 Athenas
588 2240 722 2321 reliquit3
752 2242 788 2304 de
818 2243 862 2304 via
883 2261 971 2320 quam
993 2244 1147 2322 ingressus
1169 2245 1216 2323 sit,

141 2347 218 2408 quae
246 2329 323 2408 apud
346 2326 518 2406 Euripidem
546 2327 644 2388 statim
672 2327 703 2387 in
732 2326 817 2388 initio
847 2336 880 2388 ut
908 2347 962 2407 par
991 2337 1036 2389 cst
1060 2330 1216 2408 iudicatur,

141 2413 216 2475 nihil
239 2412 438 2493 comperimus
460 2410 519 2472 uisi
540 2411 612 2472 haec
634 2429 660 2471 r.
687 2415 785 2476 100οε

345 2507 378 2558 ct
395 2498 542 2577 proserpat
563 2495 664 2558 erdem
686 2495 769 2576 liquit
790 2497 895 2574 infesto
919 2499 1013 2577 produ

345 2582 459 2642 celerem
481 2585 574 2643 citatio
591 2581 724 2661 possides
746 2600 861 2643 cursum
883 2582 1037 2662 explicans,

345 2666 414 2728 celso
437 2666 582 2747 eourpcdes
604 2669 682 2727 ocius
702 2667 808 2745 1001911
829 2670 895 2745 iupa
917 2700 958 2711 -

344 2769 460 2830 acerque
480 2750 597 2812 hedenis
618 2751 682 2811 loro
698 2755 847 2831 permissis
868 2757 968 2831 pectit.

140 2836 216 2898 viam
246 2855 307 2898 non
336 2845 480 2896 remotam
502 2855 518 2897 a
540 2835 613 2897 mari
636 2835 728 2898 luisse
751 2837 904 2915 sequeutia
931 2836 1046 2897 docent
1093 2847 1216 2917 apparet

139 2930 307 2983 monstrum
328 2930 358 2982 et
379 2920 449 2981 litos
471 2921 577 2982 intrat.

240 3010 323 3072 1050
344 3018 484 3068 tremuere
504 3016 606 3078 terrae,
629 3007 707 3085 10911
726 3010 882 3073 ottoaitum
898 3022 984 3085 pectes
1094 3026 1097 3031 ¹

341 3095 451 3171 possim
468 3106 523 3169 per
544 3108 628 3169 apros
647 3109 698 3152 uec
717 3108 784 3152 seor
802 3103 903 3171 postor
923 3094 1003 3170 sequi

343 3180 475 3236 meminit
496 3181 645 3248 inararem
666 3180 760 3237 omnio
782 3194 796 3236 o
818 3176 894 3238 saltu
913 3177 980 3255 sero

346 3261 471 3341 dissaepit,
495 3264 588 3321 omnio
607 3262 717 3339 frlpido
739 3265 879 3339 0000900
899 3272 977 3322 metu

343 3357 464 3406 emmor
484 3345 590 3408 horret
633 3345 711 3406 eolus
736 3349 873 3407 immunis
893 3356 969 3407 meto

345 3428 518 3510 Hippolytus
540 3434 612 3491 ortis
632 3434 757 3516 eontinet
777 3430 977 3510 fronciacum

341 3516 515 3595 pavidosque
536 3526 621 3576 notae
642 3510 718 3576 ooc'o's
738 3514 855 3576 hortatu
875 3519 936 3577 ciet

139 3610 297 3679 postquam
326 3599 489 3660 audivimus
518 3599 643 3661 monstri
665 3600 791 3660 horrore
813 3618 921 3679 pecora
942 3609 1136 3680 pastoresque
1159 3600 1214 3661 dil·

139 3685 251 3763 fugisse
279 3694 398 3746 etcum
421 3684 492 3745 ieris
513 3691 684 3780 venatores,
712 3704 807 3747 unum
829 3683 1021 3764 Hippolytum
1047 3684 1215 3747 interritum

139 3788 233 3849 equos
255 3770 449 3843 continuisse,
472 3770 497 3829 si
518 3769 557 3829 ita
579 3769 715 3850 pergitur
737 3772 774 3847 (v.
800 3771 909 3843 loeti:

337 3866 377 3916 est
399 3854 460 3916 olto
481 3855 519 3915 od
540 3854 630 3932 Arpos
653 3854 769 3916 collidas
790 3858 885 3934 ruptio
905 3858 955 3916 vio
976 3887 1018 3899 -

322 3938 383 4019 10
404 3958 432 4000 ee
454 3938 506 4000 allo
527 3940 614 4000 moles
636 3945 714 4001 acuit
734 3958 767 4001 ac
788 3944 864 4000 uires
881 3951 979 4018 perot,
