2658 4488
173 207 236 271 302
555 226 583 268 ι.
607 224 711 267 snusnr
733 225 861 269 sennenn
941 264 946 269 .

173 377 268 457 placet
289 376 386 438 scelus
409 377 526 455 punire.
570 395 635 438 urs.
679 377 711 439 Si
733 377 801 439 nori
823 375 991 461 Herculem,

172 461 266 525 aderit
287 461 403 523 cruenti
425 462 548 525 forsitan
571 463 664 524 victor
685 462 754 523 mali

173 547 317 626 dolorque
338 548 450 609 fractus
472 547 557 611 cedet
579 547 697 611 Alcidae
719 557 780 609 tuo.

172 652 230 694 nsi.
281 632 384 694 Exedit
406 642 487 694 artus
509 632 590 695 virus
612 641 646 695 ut
667 633 742 695 fama
764 642 809 694 est
831 633 955 713 hydrac3

173 719 315 779 immensa
338 718 429 796 pestis
451 717 587 798 coniugis
609 717 740 780 memhra
762 717 891 781 abstulit.

172 821 236 864 urs.
281 803 436 882 Serpentis
458 803 499 865 illi
521 804 602 864 virus
625 811 746 866 enectae
767 811 903 866 autumas

172 888 244 951 haut
265 906 354 969 posse
376 888 453 949 vinci
475 888 526 966 qui
548 888 658 950 malum
679 888 777 950 rivum
800 887 889 951 tulit?

173 973 249 1036 elisit
272 973 393 1053 hydram
416 973 503 1034 dente
525 975 541 1034 1
560 991 628 1035 cum
650 974 708 1035 lixo
731 982 837 1039 tenens

171 1058 266 1120 media
288 1057 396 1138 palude
418 1058 520 1131 victor,
542 1059 636 1120 effuso
658 1058 794 1136 obrutus

172 1153 252 1205 artus
274 1160 398 1205 veneno.
443 1142 564 1222 sanguis
585 1143 666 1205 hunc
686 1143 772 1206 Nessi
793 1144 951 1224 opprimet,

172 1229 223 1309 qui
245 1228 314 1289 vicit
335 1229 414 1308 ipsas
436 1226 547 1290 horridi
568 1228 654 1291 Nessi
675 1227 804 1292 manus?

170 1333 229 1375 nni.
280 1313 400 1373 Frustra
424 1321 542 1375 tenetur
564 1313 613 1377 ille
636 1315 687 1395 qui
709 1315 811 1377 statuit
831 1314 922 1377 moriz

171 1397 296 1480 proinde
318 1398 415 1460 lucem
437 1398 540 1478 fugere
562 1399 714 1462 decretum
737 1408 781 1462 est
804 1400 886 1462 mihi.

170 1485 240 1546 vixit
261 1483 332 1545 satis
354 1483 535 1564 quicumque
558 1501 626 1546 cunr
648 1484 749 1547 Alcide
771 1485 888 1547 occidit.

170 1588 233 1630 rur.
277 1568 336 1630 Per
358 1569 409 1631 has
431 1569 524 1631 aniles
547 1588 616 1632 ecce
638 1579 668 1632 te
690 1570 815 1650 supplex
838 1589 936 1634 comas

170 1662 258 1735 atque
280 1653 371 1716 ubera
395 1655 448 1716 ista
471 1673 565 1733 paene
588 1664 721 1719 materna
743 1655 882 1718 obsecro:

170 1741 287 1820 depone
309 1739 435 1802 tumidas
457 1741 588 1820 pectoris
610 1740 682 1803 laesi
703 1740 798 1804 minas

169 1825 333 1904 mortisque
355 1824 435 1886 dirae
457 1826 570 1906 expelle
593 1825 743 1890 decretum
767 1826 930 1888 horridum.

169 1929 226 1971 ner.
276 1909 463 1990 Quicumque
485 1911 594 1973 misero
617 1912 693 1974 forte
715 1911 865 1975 dissuadet
887 1912 971 1989 mori,

169 1995 298 2057 crudelis
321 1994 370 2057 ille
392 2004 452 2058 est:
480 1996 599 2059 interim
621 2015 718 2077 poena
742 2005 786 2059 est
807 1997 893 2071 mori,

168 2081 220 2143 sed
242 2099 330 2159 saepe
352 2079 480 2155 donum;
504 2080 640 2161 pluribus
661 2082 762 2145 veniae
784 2082 849 2144 fuit.

168 2185 231 2227 rur.
275 2165 407 2227 Defende
429 2166 530 2228 saltem
554 2167 712 2241 dexterum,
736 2167 847 2244 infelix,
872 2177 950 2229 tuam

168 2251 339 2330 fraudisque
362 2251 477 2314 facinus
500 2271 577 2326 esse,
602 2270 662 2313 non
686 2260 807 2332 nuptae,
830 2251 913 2314 sciat.

168 2355 225 2398 ner.
277 2336 423 2398 Defendar
445 2336 520 2398 illic:
545 2337 632 2398 inferi
655 2337 917 2412 absolveremur,

167 2441 182 2483 a
206 2422 338 2501 meipsa
362 2422 501 2495 damnor;
525 2431 633 2501 purget
655 2423 707 2485 has
729 2422 837 2484 Pluton
860 2441 976 2485 manus.

166 2507 250 2569 stabo
273 2515 340 2568 ante
362 2507 442 2586 ripas
464 2508 629 2581 immemor,
651 2507 754 2583 Lethe,
775 2515 841 2569 tuas

168 2600 197 2654 et
218 2592 323 2652 umbra
346 2592 437 2654 tristis
460 2591 616 2670 coniugem
640 2593 784 2672 excipiam
806 2610 915 2655 meum.

167 2677 218 2740 sed
241 2686 284 2751 tu,
308 2677 452 2754 nigrantis
475 2694 565 2755 regna
589 2679 640 2758 qni
663 2687 786 2758 torques
809 2678 882 2758 poli,

166 2781 237 2842 para
258 2762 387 2824 lahorem
409 2758 534 2842 (scelera
557 2780 632 2842 quae
656 2764 810 2843 qnisquam
833 2781 923 2825 ausus
946 2772 999 2835 est,

166 2848 215 2909 hic
237 2847 334 2909 vincet
357 2865 456 2908 error:
481 2847 555 2908 luno
579 2867 639 2909 non
663 2867 733 2910 ausa
757 2848 913 2911 Herculem
938 2855 981 2909 est

167 2934 281 3011 eripere
304 2933 402 3005 terris)
425 2933 572 2994 horridam
596 2952 723 3014 poenam
745 2953 825 3015 para.

165 3017 301 3098 Sisyphia
325 3016 421 3078 cervix
444 3026 539 3080 cesset
561 3027 590 3080 et
613 3028 731 3081 nostros
753 3019 829 3099 lapis

165 3102 295 3183 impellat
316 3121 451 3175 umeros;
475 3121 523 3164 me
543 3121 634 3183 vagus
656 3104 748 3183 fugiat
769 3105 846 3167 latex

165 3205 320 3267 meamque
342 3187 428 3249 fallax
451 3189 528 3249 unda
551 3188 670 3251 deludat
691 3189 786 3263 sitiun3

164 3273 260 3334 merui
282 3291 388 3334 manns
410 3272 552 3352 praebere
574 3273 743 3335 turbinibus
766 3273 835 3346 tuis,

1199 3284 1246 3335 945

250 3427 298 3476 911
319 3440 344 3491 p.
368 3440 389 3476 s.
412 3424 495 3491 puniri
512 3425 538 3475 E
560 3423 674 3476 fraudem
699 3423 784 3490 placet
805 3423 895 3490 punire
912 3425 937 3473 A
1006 3425 1065 3475 915.
1086 3425 1190 3476 raom.
1212 3425 1245 3487 Ε,

164 3494 210 3545 sed
226 3496 256 3544 iu
272 3507 360 3558 mur-g.
380 3494 441 3545 lm.
459 3492 614 3556 (11111588)
634 3495 772 3557 ascripsit.-
790 3507 847 3546 usn.
866 3490 996 3558 Serpentis
1014 3489 1077 3541 illud
1094 3490 1098 3557 Ι
1113 3491 1196 3544 virus.
1216 3499 1246 3544 ut

162 3560 291 3627 famlesl
305 3560 384 3628 ydrae
402 3563 427 3626 (a
446 3562 532 3613 cultro
546 3560 659 3625 derecta)
712 3564 760 3613 917
774 3574 824 3626 qua
834 3561 866 3612 Ε.
884 3589 918 3598 -
936 3559 1145 3612 metvivumA
1190 3563 1244 3613 918

164 3645 220 3682 cum
238 3627 317 3680 infixo
335 3629 407 3681 stetit
424 3631 449 3681 A
467 3633 585 3681 conieci:
603 3628 678 3682 dente
696 3628 756 3680 dum
773 3628 868 3681 infecto
888 3632 968 3680 tumet
1019 3629 1067 3679 921
1088 3626 1209 3680 horridas
1224 3635 1244 3694 ς

163 3698 392 3752 92211111111Ε
459 3700 509 3752 925
528 3713 584 3750 urn.
602 3698 627 3748 Ε
695 3700 744 3751 927
763 3696 824 3750 lassi
841 3696 866 3748 Ε
935 3697 985 3749 929
1003 3693 1094 3748 suadet
1111 3695 1136 3745 Ε
1191 3699 1241 3751 931

163 3769 260 3817 nutrice
273 3766 393 3830 loquitur
400 3768 434 3817 A.
446 3795 480 3805 ·-
492 3765 516 3817 d.
527 3767 553 3818 in
566 3765 601 3833 pl.
611 3768 637 3816 A
688 3768 738 3819 932
750 3780 809 3816 uvu.
821 3766 847 3816 Ε
864 3767 918 3827 (hic
927 3780 977 3816 om.
986 3765 1020 3828 A)
1062 3765 1111 3817 933
1122 3763 1210 3817 sciunt
1218 3765 1245 3816 Ε

163 3836 214 3886 934
231 3834 333 3885 solvent
349 3835 375 3883 A
426 3838 476 3887 933
494 3834 608 3886 PlutoA
660 3836 710 3887 939
728 3834 836 3900 quisque
855 3834 931 3886 codd.
950 3835 1070 3884 corrasit
1082 3831 1244 3896 Madvigius

163 3900 224 3951 ado.
243 3900 271 3948 11
286 3917 312 3966 p.
332 3901 381 3953 126
433 3904 482 3954 940
501 3903 604 3954 vicitA.
624 3930 655 3940 -
674 3905 714 3954 est
731 3917 782 3954 om.
800 3902 845 3965 Ες
896 3903 946 3954 942
964 3900 1084 3969 sisyphea
1102 3900 1127 3950 Ε
1189 3903 1244 3954 944

163 3966 272 4030 decipiet
289 3967 357 4018 sitim
375 3970 401 4018 A
