2658 4488
467 234 611 277 unncvnns
633 219 780 294 [currens]

71 382 294 463 quodcumque
317 384 428 445 timuit:
453 387 602 448 transtulit
623 387 699 448 luno
723 388 807 449 feras.

71 467 173 529 ambit
195 476 368 550 peremptus
391 487 497 532 cancer
519 473 671 535 ardentem
693 472 807 553 plagam

71 552 251 633 Libyaeque
274 554 356 617 sidus
371 555 473 620 ‚fertur
495 566 524 618 et
546 576 657 620 messes
679 557 745 633 alit;

72 656 195 700 anuum
217 638 349 719 fugacem
373 641 461 702 tradit
483 642 620 705 Astraeae
642 642 699 718 leo,

72 733 105 785 at
129 723 192 800 ille,
216 723 326 787 iactans
348 725 488 786 fervidam
511 729 587 788 collo
611 729 718 805 iubam,

72 817 215 871 austrum
237 810 401 872 madentem
425 811 516 873 siccat
537 821 566 874 et
588 813 704 874 nimbos
726 814 812 893 rapit.

32 956 35 965 ,
72 894 188 955 invasit
209 896 305 956 omnis
328 914 397 957 ecce
419 896 475 957 iam
498 899 610 958 caelum
633 899 693 959 tera

72 997 189 1058 meque
211 981 382 1042 antecessit:
406 982 499 1042 victor
521 984 646 1044 eternis
668 1001 749 1044 meos

73 1073 184 1144 specto
207 1064 332 1139 labores,
355 1076 431 1128 astra
453 1068 599 1147 portentis
623 1069 706 1148 prins

73 1148 212 1228 ferisque
233 1149 309 1211 luno
331 1150 444 1227 tribuit,
468 1163 500 1213 ut
522 1154 634 1214 caelum
657 1154 728 1214 mihi

74 1235 191 1296 taceret
211 1235 374 1297 timendum
402 1271 434 1278 -
461 1239 603 1318 sparserit
624 1240 769 1300 mnndum
791 1239 861 1301 licet

75 1319 255 1398 caelumque
276 1320 364 1382 terris
386 1321 471 1401 peius
493 1342 527 1383 ac
548 1325 634 1403 peius
656 1325 746 1405 Styge

76 1404 152 1466 irata
176 1405 271 1481 saciat,
295 1405 412 1468 dabitur
434 1407 551 1470 Alcidae
574 1409 666 1471 locus.

76 1491 103 1551 si
127 1498 198 1569 post
219 1492 305 1565 feras,
328 1501 396 1571 post
418 1493 504 1568 bella,
528 1502 595 1573 post
617 1494 751 1575 Stygium
774 1511 877 1555 canem

76 1575 158 1635 haud
182 1575 351 1637 dnm·astra
373 1579 479 1652 merui,
502 1579 621 1640 Siculus
644 1579 819 1661 hesperium
843 1579 918 1640 latus

77 1668 181 1739 tangat
202 1660 338 1737 Pelorus,
362 1681 420 1723 una
444 1662 499 1724 iam
523 1665 610 1726 tellus
633 1665 704 1741 erit3

78 1745 162 1807 illinc
186 1745 294 1826 fugabo
317 1748 423 1808 maria:
447 1750 472 1808 si
496 1749 577 1827 iungi
601 1750 694 1823 iubes,

78 1830 243 1892 committat
265 1833 360 1893 undas
381 1833 519 1908 Isthmos,
542 1844 570 1895 et
591 1835 693 1896 iuncto
716 1835 777 1896 sal«)

79 1934 155 1976 nova
178 1917 312 1977 terantur
334 1918 445 1980 Atticae
468 1938 586 2000 puppes
607 1921 662 1980 via.

79 2008 212 2063 mutetur
233 2002 324 2079 orbis,
347 2003 473 2065 vallibus
497 2013 596 2066 currat
620 2004 703 2066 novis

80 2084 179 2147 Hister
201 2106 350 2167 novasque
372 2088 480 2150 Tanais
501 2089 626 2170 accipiat
647 2090 717 2151 vias.

79 2172 125 2245 da,
148 2173 183 2232 da
207 2172 342 2248 tuendos,
364 2173 509 2254 luppiter,
533 2175 634 2236 saltem
659 2176 744 2237 deos:

79 2255 126 2317 illa
149 2256 249 2318 licebit
270 2257 382 2320 tulmen
406 2279 421 2320 a
444 2268 527 2339 parte
550 2261 675 2335 auferas,

81 2358 134 2420 ego
159 2360 245 2422 quam
269 2343 385 2405 tuebor.
430 2344 490 2406 sive
512 2345 661 2423 glacialem
685 2345 796 2426 polum,

81 2445 132 2487 seu
156 2428 300 2490 metueri
324 2428 460 2491 fervidam
483 2439 596 2510 partem
619 2431 714 2507 iubes,

80 2511 134 2573 hac
156 2531 220 2588 esse
241 2531 368 2594 superos
390 2523 473 2594 parte
494 2534 617 2577 securos
639 2525 718 2597 puta.

84 2596 217 2659 Cirrhaea
238 2596 335 2660 Paean
359 2600 467 2680 templa
490 2610 518 2662 et
540 2602 699 2662 aetheriam
723 2601 843 2662 domum

82 2692 217 2762 serpente
239 2701 325 2745 caeso
348 2685 520 2746 meruit-
543 2706 560 2746 o
584 2686 724 2765 quotiens
746 2685 822 2747 iacet

82 2765 194 2846 Python
217 2768 248 2829 iu
270 2768 378 2848 hydral
409 2769 541 2832 Bacchus
565 2779 594 2832 et
615 2770 741 2832 Perseus
765 2770 828 2830 deis

83 2852 136 2913 iam
159 2872 189 2914 se.
213 2854 340 2916 intulere
362 2885 404 2899 —-
426 2856 476 2921 sed
501 2865 590 2935 quota
612 2864 657 2917 est
677 2855 781 2922 mundi
803 2853 888 2934 plaga

83 2937 179 2999 oriens
202 2938 342 3001 subactus
365 2949 416 3001 ant
437 2949 526 3019 quota
550 2949 594 3002 est
617 2941 738 3020 Gorgon
763 2936 847 3001 tera?

84 3023 146 3103 quis
168 3031 244 3084 astra
267 3032 354 3085 natus
377 3025 513 3087 laudibus
536 3026 646 3088 meruit
667 3025 729 3086 suis

85 3126 116 3169 en
138 3116 165 3170 te
187 3118 216 3170 et
238 3107 386 3171 noverca?
416 3129 504 3189 quem
527 3113 581 3172 tuli
604 3111 747 3172 mnndum
770 3118 849 3190 peto.

165 3193 222 3254 Sed
245 3202 287 3268 tn,
310 3212 410 3255 comes
431 3195 541 3257 laboris
564 3195 713 3271 Herculei,
735 3195 836 3269 Licha,

85 3277 178 3357 perfer
199 3278 377 3360 triumphos,
401 3279 502 3360 Euryti
525 3281 617 3342 victos
639 3281 715 3342 lares

86 3372 263 3444 stratumque
286 3382 421 3445 regnum.
465 3384 517 3428 vos
539 3384 632 3447 pecus
654 3366 749 3445 rapite
771 3365 853 3426 ocius

86 3465 138 3527 qua
159 3449 265 3529 templa
289 3450 395 3512 tollens
417 3459 480 3513 acta
504 3449 610 3513 Cenaei
631 3451 708 3512 loris

88 3542 179 3595 austro
202 3534 366 3597 timendum
389 3545 502 3616 spectat
523 3536 689 3599 Euboicum
711 3554 801 3598 mare.

165 3670 196 3721 68
215 3668 358 3721 mensesE
427 3672 459 3723 09
478 3670 581 3736 iugatae
600 3670 624 3719 A
693 3672 725 3721 tn
744 3669 815 3721 caelo
833 3668 918 3719 iubam
937 3667 1014 3718 codd.
1034 3668 1154 3716 currerit

88 3735 211 3787 Acontius
279 3741 310 3789 ‘tt
330 3735 430 3790 nimbos
448 3737 525 3790 trahit
542 3738 568 3788 A
637 3740 669 3789 '16
687 3736 802 3799 laniat?
880 3738 910 3788 Π
930 3735 1012 3788 levius
1029 3732 1154 3801 Stygeld

88 3805 119 3856 80
134 3803 197 3856 hand
215 3803 288 3856 dum:
308 3819 322 3855 a
341 3822 375 3855 oo
393 3822 409 3858 n
430 3804 534 3857 tnnld
551 3804 664 3856 nondum
682 3807 708 3856 A
776 3809 810 3858 03
830 3810 856 3857 at
873 3804 992 3871 quotiens
1010 3805 1034 3854 A
1105 3804 1152 3855 tto

88 3870 188 3937 labores,
205 3873 253 3923 aed
269 3873 302 3924 bo
320 3875 431 3925 induruit
449 3876 509 3926 tan.
527 3880 558 3924 nt
575 3873 628 3925 vid.
648 3873 672 3924 Ε
727 3875 774 3926 102
792 3873 893 3940 pollens
912 3872 942 3925 Ε.
962 3902 995 3910 -
1014 3884 1055 3923 ara
1074 3869 1151 3922 codd.

89 3943 200 4060 ppprorop't
223 3939 382 4060 Rptgersiur
401 3941 434 3995 V.
459 3941 489 3992 L.
510 3958 537 4008 p.
556 3939 592 3993 92
616 3940 706 4008 (Soph.
733 3940 828 3993 Troch.
847 3940 898 3993 237
922 3942 1015 3993 Aerch.
1036 3939 1092 4005 frg.
1109 3938 1153 4003 29)

151 4022 176 4061 aa
189 4023 217 4059 ro
