2658 4488
181 236 244 298 276
566 251 594 294 n.
616 250 721 293 murm
743 250 870 294 sennenn

181 423 243 467 non
267 403 350 465 licuit
373 421 447 464 esse.
491 401 516 462 si
538 413 626 479 negat
646 403 776 464 mundus
798 403 874 463 feras

181 491 197 552 't
216 489 346 552 animum
370 504 534 564 novercam,
558 485 647 548 redde
670 505 751 548 nuuc
773 495 841 548 nato
864 496 978 567 patrem

181 576 226 638 vei
249 584 325 636 astra
348 573 427 635 forti.
473 589 528 634 nec
550 580 619 651 peto
642 581 674 634 ut
695 582 844 634 monstres
867 574 938 649 iter3

180 660 319 741 permitte
340 666 466 734 tantum,
490 656 622 737 genitor:
646 657 791 719 inveniam
814 658 898 720 viam.

180 745 226 807 vel
249 745 274 807 si
297 745 383 807 times
406 762 443 805 ne
465 751 543 805 terra
566 741 714 822 concipiat
735 744 823 819 ieras,

180 841 323 912 properet
345 828 453 891 malum
476 827 693 909 quodcumque,
717 827 787 889 dum
809 836 889 889 terra
911 828 1067 890 Herculem

181 915 268 978 habet
291 916 441 994 videtque:
466 931 534 975 uam
558 912 625 993 quis
648 912 765 975 invadet
786 912 861 974 maia

181 1010 232 1064 aut
255 1000 322 1080 quis
344 1018 399 1079 per
421 998 509 1060 urbes
532 1016 636 1059 rursus
658 997 811 1076 Argolicas
833 998 889 1060 erit

181 1086 307 1148 lunonis
329 1083 397 1145 odio
419 1080 550 1163 dignus?
580 1081 611 1143 iu
634 1091 731 1145 tutum
753 1101 833 1145 meas

179 1170 283 1232 landes
306 1169 415 1248 redegi,
438 1168 520 1230 nnita
541 1185 588 1230 me
610 1167 699 1230 tellus
721 1168 802 1230 silet:

181 1275 228 1318 me
251 1253 343 1316 sensit
366 1271 452 1316 ursae
473 1253 613 1333 frigidum
636 1253 789 1333 Scythicae
812 1271 907 1334 genus

181 1341 332 1420 ludusque
352 1338 475 1401 Phoebo
499 1338 644 1415 subditus,
670 1338 779 1401 cancro
801 1339 890 1418 Libys
897 1357 906 1413 ;

180 1435 220 1501 te,
243 1425 321 1487 clare
342 1424 440 1499 Titan,
462 1432 569 1486 testor:
593 1424 711 1486 occurri
733 1424 785 1485 tibi

181 1516 367 1591 quacumque
390 1508 495 1588 fulges,
518 1528 575 1571 uec
597 1527 679 1571 meos
700 1511 750 1571 lux
773 1509 915 1589 prosequi

181 1596 279 1677 potuit
301 1594 479 1675 triumphos,
502 1594 573 1656 solis
597 1594 709 1656 excessi
731 1594 810 1657 vices

181 1682 317 1761 intraque
340 1691 457 1742 nostras
479 1678 609 1742 substitit
631 1686 723 1742 metas
746 1679 817 1741 dies.

181 1776 286 1829 natura
308 1765 405 1840 cessit,
428 1772 507 1826 terra
529 1764 635 1826 defecit
657 1765 795 1845 gradum:

182 1852 288 1913 lassata
310 1850 394 1930 prior
416 1858 469 1911 est.
514 1868 573 1911 nox
596 1858 625 1911 et
647 1858 810 1912 extremum
833 1850 923 1911 chaos

182 1937 283 1998 inme
306 1935 485 1998 incucurrit:
509 1934 579 1996 inde
600 1935 636 1995 ad
657 1935 738 1997 huno
761 1934 862 1996 orbem
885 1934 958 2010 redi,

182 2039 269 2084 nemo
292 2021 371 2082 unde
393 2028 473 2082 retro
495 2030 549 2083 est.
593 2019 716 2082 tulimus
739 2020 848 2082 Oceani
871 2020 975 2093 minas,
1054 2066 1055 2069 ,

181 2125 238 2171 uec
260 2106 319 2169 ulla
342 2105 431 2167 valuit
452 2113 573 2186 quatere
595 2115 755 2186 tempestas
777 2116 869 2168 ratem
937 2124 945 2137 ·
1244 2120 1275 2170 5⁰

181 2209 399 2272 quamcumque
421 2191 517 2271 pressi
540 2223 580 2235 -
603 2207 673 2270 pars
695 2201 786 2270 quota
808 2198 853 2252 est
873 2190 1000 2252 Perseus
1021 2187 1103 2252 mei?

182 2277 239 2341 iam
261 2295 371 2339 vacuus
394 2276 495 2338 aether
518 2294 578 2336 non
601 2284 699 2355 potest
722 2275 790 2336 odio
812 2283 881 2337 tuae

181 2363 319 2424 sufficere
342 2370 451 2441 nuptae
474 2378 606 2441 quasque
629 2360 780 2422 devincam
801 2361 879 2422 seras

181 2447 269 2510 tellus
291 2448 374 2509 timet
395 2445 554 2526 concipere
577 2463 633 2507 nec
654 2454 786 2508 monstra
809 2444 930 2508 invenit.

182 2535 260 2594 ferae
284 2541 444 2611 negantur:
468 2530 610 2593 Hercules
632 2531 758 2593 monstri
780 2530 846 2605 loco

182 2618 239 2680 iam
262 2618 359 2697 eoepit
381 2635 462 2691 esse;
485 2625 596 2696 quanta
618 2616 696 2678 enim
720 2616 794 2694 fregi
817 2616 901 2693 maia,

182 2712 255 2783 quot
277 2702 389 2764 scelera
411 2701 524 2764 nudus!
555 2701 699 2781 quidquid
722 2701 849 2763 immane
872 2701 995 2776 obstitit,

182 2788 262 2851 solae
284 2805 390 2849 manus
413 2794 558 2862 stravere3
582 2805 638 2850 nec
660 2787 775 2848 iuvenis
797 2787 874 2849 seras

181 2873 267 2937 dmui
291 2890 346 2934 nec
368 2872 477 2935 infans.
521 2872 665 2952 quidquid
688 2880 733 2934 est
754 2871 868 2934 iussum
890 2873 953 2934 leve
975 2879 1029 2947 est,

182 2977 238 3019 neo
261 2957 319 3019 uila
343 2957 429 3019 nobis
452 2959 551 3036 segnis
574 2957 671 3021 illuxit
693 2957 764 3020 dies.

182 3062 199 3103 o
223 3050 332 3122 quanta
354 3042 417 3103 sudi
440 3050 572 3105 monstra
595 3062 670 3123 quae
693 3042 795 3104 nullus
816 3042 888 3103 mihi

181 3146 232 3189 rex
254 3128 423 3206 imperavit!
454 3128 561 3191 institit
581 3128 675 3189 virtus
696 3126 769 3189 mihi

180 3212 296 3275 lunone
319 3213 414 3293 peior.
458 3214 509 3275 sed
533 3213 603 3294 quid
626 3212 797 3293 inpavidum
820 3231 915 3292 genus

180 3298 284 3360 fecisse
308 3296 453 3378 prodest?
484 3317 544 3360 non
567 3298 677 3360 habent
698 3316 802 3378 pacem
824 3298 887 3360 dei:

181 3390 305 3463 purgata
327 3383 415 3445 tellus
438 3383 535 3447 omnis
558 3384 588 3446 in
612 3382 692 3445 caelo
714 3383 792 3445 videt
1232 3395 1261 3447 65

252 3519 284 3570 30
303 3517 340 3568 sic
358 3519 436 3583 negm
454 3516 478 3567 A
522 3519 552 3570 at
572 3531 681 3569 noverca
692 3518 717 3569 A
729 3531 843 3569 coercam
855 3521 933 3583 siguo
947 3517 1116 3583 corruptelae
1128 3517 1224 3570 addito
1237 3519 1261 3571 Ε
1319 3528 1320 3531 ’

184 3587 287 3637 conieci
310 3584 412 3637 tandem
436 3598 560 3637 novercae
585 3585 699 3649 (nimium
723 3600 848 3638 novercae
871 3584 906 3638 N.
925 3587 1051 3638 Heinsius
1074 3585 1134 3637 adu.
1150 3602 1179 3653 p.
1197 3589 1260 3654 434)

184 3655 216 3708 39
234 3652 319 3720 recepi
336 3653 361 3703 A
413 3655 447 3705 to
465 3652 624 3720 Scythiae5
675 3657 705 3708 tt
726 3654 810 3706 caneri
827 3654 853 3706 Ε
911 3654 1036 3722 satages
1054 3654 1079 3704 Ε
1131 3658 1164 3708 45
1182 3654 1260 3708 infra-

182 3736 233 3789 que
251 3721 327 3772 codd.
346 3724 468 3772 corrosit
486 3721 637 3774 &cnevius
694 3723 831 3776 artaxata
867 3738 894 3775 er
911 3737 953 3775 me
971 3726 1021 3788 (est
1038 3722 1100 3775 odd
1120 3726 1149 3788 5)
1139 3725 1261 3788 >noxA

182 3793 216 3842 48
235 3788 344 3841 cucurrit
361 3789 386 3839 A
472 3792 504 3843 49
522 3789 591 3843 unde
608 3806 684 3843 omne
701 3794 768 3843 retro
787 3738 869 3844 est}
892 3790 960 3843 unde
978 3805 1052 3843 nemo
1070 3796 1138 3844 retro
1156 3792 1181 3843 A
1198 3808 1259 3845 cor-

183 3860 257 3907 recit
274 3855 416 3908 Amantius
435 3861 492 3923 (qut
509 3874 568 3910 oum
586 3859 611 3910 A
630 3862 719 3911 omisit
736 3861 785 3925 est)
839 3863 869 3912 51
890 3865 1149 3926 quacumque5.-
1166 3861 1260 3927 pressit

182 3923 267 3974 Ε.-
234 3938 344 3989 -para
369 3929 448 3991 quota
466 3930 505 3978 est
528 3942 604 3993 quam
622 3942 763 3995 prosequor
779 3930 805 3979 A
875 3931 908 3980 52
926 3942 1007 3995 vagus
1025 3927 1058 3978 Ε.
1078 3958 1110 3968 -
1133 3928 1260 3996 potnitld

183 3992 216 4041 56
235 3995 331 4054 quanta
349 4007 417 4044 nune
435 3994 511 4045 codd.
531 3999 653 4046 corrasit
669 3994 782 4047 Botltiua
853 3995 1010 4064 diffugisse
1028 3995 1053 4046 Ε
