<?xml version="1.0" encoding="UTF-8"?>
<!DOCTYPE html PUBLIC "-//W3C//DTD XHTML 1.0 Transitional//EN"
    "http://www.w3.org/TR/xhtml1/DTD/xhtml1-transitional.dtd">
<html xmlns="http://www.w3.org/1999/xhtml" xml:lang="en" lang="en">
 <head>
  <title>
</title>
<meta http-equiv="Content-Type" content="text/html;charset=utf-8" />
  <meta name='ocr-system' content='tesseract 3.04.00' />
  <meta name='ocr-capabilities' content='ocr_page ocr_carea ocr_par ocr_line ocrx_word'/>
</head>
<body>
  <div class='ocr_page' id='page_1' title='image "./lannaeisenecaet00leogoog_0436.png"; bbox 0 0 2720 4488; ppageno 0'>
   <div class='ocr_carea' id='block_1_1' title="bbox 6 173 1078 2277">
    <p class='ocr_par' dir='ltr' id='par_1_1' title="bbox 7 173 1011 1510">
     <span class='ocr_line' id='line_1_1' title="bbox 616 173 747 219; baseline 0.015 -4"><span class='ocrx_word' id='word_1_1' title='bbox 616 173 747 219; x_wconf 78' lang='lat' dir='ltr'>naaman</span> 
     </span>
     <span class='ocr_line' id='line_1_2' title="bbox 280 224 372 309; baseline 0.033 -3"><span class='ocrx_word' id='word_1_2' title='bbox 280 224 372 309; x_wconf 59' lang='lat' dir='ltr'>alto</span> 
     </span>
     <span class='ocr_line' id='line_1_3' title="bbox 140 320 775 402; baseline 0.005 -19"><span class='ocrx_word' id='word_1_3' title='bbox 140 320 256 397; x_wconf 89' lang='lat' dir='ltr'>Medea,</span> <span class='ocrx_word' id='word_1_4' title='bbox 279 320 384 387; x_wconf 82' lang='lat' dir='ltr'>reddet</span> <span class='ocrx_word' id='word_1_5' title='bbox 404 321 529 384; x_wconf 82' lang='lat' dir='ltr'>seminas</span> <span class='ocrx_word' id='word_1_6' title='bbox 552 322 648 385; x_wconf 88' lang='lat' dir='ltr'>dirum</span> <span class='ocrx_word' id='word_1_7' title='bbox 672 341 775 402; x_wconf 82' lang='lat' dir='ltr'>genus.</span> 
     </span>
     <span class='ocr_line' id='line_1_4' title="bbox 138 405 1002 490; baseline 0.014 -25"><span class='ocrx_word' id='word_1_8' title='bbox 138 425 226 489; x_wconf 71' lang='lat' dir='ltr'>nera.</span> <span class='ocrx_word' id='word_1_9' title='bbox 273 405 333 467; x_wconf 83' lang='lat' dir='ltr'>Cur</span> <span class='ocrx_word' id='word_1_10' title='bbox 356 407 489 468; x_wconf 87' lang='lat' dir='ltr'>omnium</span> <span class='ocrx_word' id='word_1_11' title='bbox 510 409 542 469; x_wconf 86' lang='lat' dir='ltr'>lit</span> <span class='ocrx_word' id='word_1_12' title='bbox 565 407 651 490; x_wconf 90' lang='lat' dir='ltr'>culpa</span> <span class='ocrx_word' id='word_1_13' title='bbox 673 429 833 489; x_wconf 89' lang='lat' dir='ltr'>paucarum</span> <span class='ocrx_word' id='word_1_14' title='bbox 856 413 1002 477; x_wconf 79' lang='lat' dir='ltr'>scelus‘l·</span> 
     </span>
     <span class='ocr_line' id='line_1_5' title="bbox 55 491 1011 574; baseline 0.014 -23"><span class='ocrx_word' id='word_1_15' title='bbox 55 522 61 557; x_wconf 76' lang='lat' dir='ltr'>r</span> <span class='ocrx_word' id='word_1_16' title='bbox 114 509 161 552; x_wconf 83' lang='lat' dir='ltr'>-ra</span> <span class='ocrx_word' id='word_1_17' title='bbox 192 509 219 551; x_wconf 82' lang='lat' dir='ltr'>n.</span> <span class='ocrx_word' id='word_1_18' title='bbox 270 491 407 554; x_wconf 87' lang='lat' dir='ltr'>lletestor</span> <span class='ocrx_word' id='word_1_19' title='bbox 429 511 542 569; x_wconf 86' lang='lat' dir='ltr'>omnes,</span> <span class='ocrx_word' id='word_1_20' title='bbox 564 493 672 555; x_wconf 90' lang='lat' dir='ltr'>horreo</span> <span class='ocrx_word' id='word_1_21' title='bbox 695 496 776 574; x_wconf 82' lang='lat' dir='ltr'>logio</span> <span class='ocrx_word' id='word_1_22' title='bbox 800 516 930 563; x_wconf 81' lang='lat' dir='ltr'>execror.</span> <span class='ocrx_word' id='word_1_23' title='bbox 1008 558 1011 563; x_wconf 90' lang='grc'><em>,</em></span> 
     </span>
     <span class='ocr_line' id='line_1_6' title="bbox 20 560 773 653; baseline 0.008 -17"><span class='ocrx_word' id='word_1_24' title='bbox 20 560 105 647; x_wconf 48' lang='lat' dir='ltr'>plo,</span> <span class='ocrx_word' id='word_1_25' title='bbox 141 595 172 637; x_wconf 86' lang='lat' dir='ltr'>sr</span> <span class='ocrx_word' id='word_1_26' title='bbox 222 576 289 653; x_wconf 84' lang='lat' dir='ltr'>atio,</span> <span class='ocrx_word' id='word_1_27' title='bbox 313 576 353 637; x_wconf 90' lang='lat' dir='ltr'>sit</span> <span class='ocrx_word' id='word_1_28' title='bbox 373 586 488 653; x_wconf 84' lang='lat' dir='ltr'>natura,</span> <span class='ocrx_word' id='word_1_29' title='bbox 511 578 550 641; x_wconf 85' lang='lat' dir='ltr'>sit</span> <span class='ocrx_word' id='word_1_30' title='bbox 572 578 653 641; x_wconf 90' lang='lat' dir='ltr'>dirus</span> <span class='ocrx_word' id='word_1_31' title='bbox 676 579 773 642; x_wconf 81' lang='lat' dir='ltr'>furor:</span> 
     </span>
     <span class='ocr_line' id='line_1_7' title="bbox 19 657 787 745; baseline 0.008 -23"><span class='ocrx_word' id='word_1_32' title='bbox 19 657 23 672; x_wconf 63' lang='lat'><strong>²</strong></span> <span class='ocrx_word' id='word_1_33' title='bbox 142 660 243 723; x_wconf 88' lang='lat' dir='ltr'>odisse</span> <span class='ocrx_word' id='word_1_34' title='bbox 264 661 383 742; x_wconf 83' lang='lat' dir='ltr'>placuit.</span> <span class='ocrx_word' id='word_1_35' title='bbox 428 662 546 742; x_wconf 81' lang='lat' dir='ltr'>ignibus</span> <span class='ocrx_word' id='word_1_36' title='bbox 569 665 675 743; x_wconf 82' lang='lat' dir='ltr'>iunges</span> <span class='ocrx_word' id='word_1_37' title='bbox 697 684 787 745; x_wconf 88' lang='lat' dir='ltr'>aquas</span> 
     </span>
     <span class='ocr_line' id='line_1_8' title="bbox 142 746 811 828; baseline 0.007 -21"><span class='ocrx_word' id='word_1_38' title='bbox 142 756 174 807; x_wconf 90' lang='lat' dir='ltr'>et</span> <span class='ocrx_word' id='word_1_39' title='bbox 195 746 288 809; x_wconf 90' lang='lat' dir='ltr'>amica</span> <span class='ocrx_word' id='word_1_40' title='bbox 309 747 423 823; x_wconf 80' lang='lat' dir='ltr'>ratibus</span> <span class='ocrx_word' id='word_1_41' title='bbox 444 757 512 810; x_wconf 89' lang='lat' dir='ltr'>ante</span> <span class='ocrx_word' id='word_1_42' title='bbox 533 750 686 828; x_wconf 81' lang='lat' dir='ltr'>prom-ittet</span> <span class='ocrx_word' id='word_1_43' title='bbox 706 751 776 815; x_wconf 86' lang='lat' dir='ltr'>vada</span> <span class='ocrx_word' id='word_1_44' title='bbox 808 791 811 795; x_wconf 56' lang='lat'>&lt;</span> 
     </span>
     <span class='ocr_line' id='line_1_9' title="bbox 141 832 778 915; baseline 0.009 -23"><span class='ocrx_word' id='word_1_45' title='bbox 141 832 257 892; x_wconf 87' lang='lat' dir='ltr'>incerta</span> <span class='ocrx_word' id='word_1_46' title='bbox 279 832 384 915; x_wconf 74' lang='lat' dir='ltr'>Syrtis,</span> <span class='ocrx_word' id='word_1_47' title='bbox 407 838 475 895; x_wconf 87' lang='lat' dir='ltr'>ante</span> <span class='ocrx_word' id='word_1_48' title='bbox 498 833 534 894; x_wconf 86' lang='lat' dir='ltr'>ab</span> <span class='ocrx_word' id='word_1_49' title='bbox 556 842 686 896; x_wconf 85' lang='lat' dir='ltr'>extremo</span> <span class='ocrx_word' id='word_1_50' title='bbox 710 837 778 898; x_wconf 88' lang='lat' dir='ltr'>sinu</span> 
     </span>
     <span class='ocr_line' id='line_1_10' title="bbox 141 915 806 1006; baseline 0.008 -29"><span class='ocrx_word' id='word_1_51' title='bbox 141 915 288 997; x_wconf 77' lang='lat' dir='ltr'>Hesperia</span> <span class='ocrx_word' id='word_1_52' title='bbox 309 917 419 996; x_wconf 77' lang='lat' dir='ltr'><strong>Tethys</strong></span> <span class='ocrx_word' id='word_1_53' title='bbox 441 918 573 980; x_wconf 90' lang='lat' dir='ltr'>lucidum</span> <span class='ocrx_word' id='word_1_54' title='bbox 596 919 707 1006; x_wconf 80' lang='lat' dir='ltr'>attollet</span> <span class='ocrx_word' id='word_1_55' title='bbox 728 920 806 987; x_wconf 91' lang='lat' dir='ltr'>diem</span> 
     </span>
     <span class='ocr_line' id='line_1_11' title="bbox 142 1001 823 1087; baseline 0.004 -24"><span class='ocrx_word' id='word_1_56' title='bbox 142 1010 175 1063; x_wconf 89' lang='lat' dir='ltr'>et</span> <span class='ocrx_word' id='word_1_57' title='bbox 197 1019 248 1063; x_wconf 91' lang='lat' dir='ltr'>ora</span> <span class='ocrx_word' id='word_1_58' title='bbox 270 1001 520 1065; x_wconf 78' lang='lat' dir='ltr'>dammis&#39;blanda</span> <span class='ocrx_word' id='word_1_59' title='bbox 542 1003 727 1085; x_wconf 87' lang='lat' dir='ltr'>praebebunt</span> <span class='ocrx_word' id='word_1_60' title='bbox 747 1006 823 1087; x_wconf 85' lang='lat' dir='ltr'>lupi,</span> 
     </span>
     <span class='ocr_line' id='line_1_12' title="bbox 141 1087 903 1173; baseline 0.008 -25"><span class='ocrx_word' id='word_1_61' title='bbox 141 1104 231 1165; x_wconf 91' lang='lat' dir='ltr'>quam</span> <span class='ocrx_word' id='word_1_62' title='bbox 254 1087 349 1149; x_wconf 87' lang='lat' dir='ltr'>victus</span> <span class='ocrx_word' id='word_1_63' title='bbox 370 1087 501 1151; x_wconf 86' lang='lat' dir='ltr'>animum</span> <span class='ocrx_word' id='word_1_64' title='bbox 522 1089 649 1151; x_wconf 85' lang='lat' dir='ltr'>feminae</span> <span class='ocrx_word' id='word_1_65' title='bbox 671 1091 772 1153; x_wconf 93' lang='lat' dir='ltr'>mitem</span> <span class='ocrx_word' id='word_1_66' title='bbox 795 1110 903 1173; x_wconf 78' lang='lat' dir='ltr'>geram.</span> 
     </span>
     <span class='ocr_line' id='line_1_13' title="bbox 140 1169 894 1253; baseline 0.011 -21"><span class='ocrx_word' id='word_1_67' title='bbox 140 1190 227 1233; x_wconf 79' lang='lat' dir='ltr'>nvrn.</span> <span class='ocrx_word' id='word_1_68' title='bbox 272 1173 367 1253; x_wconf 90' lang='lat' dir='ltr'>Saepe</span> <span class='ocrx_word' id='word_1_69' title='bbox 389 1173 542 1235; x_wconf 89' lang='lat' dir='ltr'>obstinatis</span> <span class='ocrx_word' id='word_1_70' title='bbox 564 1169 660 1236; x_wconf 82' lang='lat' dir='ltr'>inddit</span> <span class='ocrx_word' id='word_1_71' title='bbox 681 1176 782 1237; x_wconf 89' lang='lat' dir='ltr'>lrenos</span> <span class='ocrx_word' id='word_1_72' title='bbox 804 1180 894 1240; x_wconf 77' lang='lat' dir='ltr'>Amor</span> 
     </span>
     <span class='ocr_line' id='line_1_14' title="bbox 142 1256 813 1341; baseline 0.009 -24"><span class='ocrx_word' id='word_1_73' title='bbox 142 1265 174 1318; x_wconf 89' lang='lat' dir='ltr'>et</span> <span class='ocrx_word' id='word_1_74' title='bbox 195 1256 261 1319; x_wconf 93' lang='lat' dir='ltr'>odia</span> <span class='ocrx_word' id='word_1_75' title='bbox 283 1266 385 1320; x_wconf 89' lang='lat' dir='ltr'>mutat.</span> <span class='ocrx_word' id='word_1_76' title='bbox 429 1277 520 1338; x_wconf 81' lang='lat' dir='ltr'>regna</span> <span class='ocrx_word' id='word_1_77' title='bbox 542 1268 674 1322; x_wconf 90' lang='lat' dir='ltr'>materna</span> <span class='ocrx_word' id='word_1_78' title='bbox 699 1262 813 1341; x_wconf 80' lang='lat' dir='ltr'>aspice:</span> 
     </span>
     <span class='ocr_line' id='line_1_15' title="bbox 141 1341 786 1424; baseline 0.008 -22"><span class='ocrx_word' id='word_1_79' title='bbox 141 1341 210 1403; x_wconf 92' lang='lat' dir='ltr'>illae</span> <span class='ocrx_word' id='word_1_80' title='bbox 231 1343 346 1405; x_wconf 81' lang='lat' dir='ltr'>seroces</span> <span class='ocrx_word' id='word_1_81' title='bbox 368 1344 501 1405; x_wconf 89' lang='lat' dir='ltr'>sentiunt</span> <span class='ocrx_word' id='word_1_82' title='bbox 522 1344 645 1407; x_wconf 88' lang='lat' dir='ltr'>Veneris</span> <span class='ocrx_word' id='word_1_83' title='bbox 667 1345 786 1424; x_wconf 78' lang='lat' dir='ltr'>iugum3</span> 
     </span>
     <span class='ocr_line' id='line_1_16' title="bbox 7 1427 714 1510; baseline 0.006 -23"><span class='ocrx_word' id='word_1_84' title='bbox 7 1488 10 1496; x_wconf 81' lang='grc'><strong>,</strong></span> <span class='ocrx_word' id='word_1_85' title='bbox 141 1427 259 1489; x_wconf 90' lang='lat' dir='ltr'>testaris</span> <span class='ocrx_word' id='word_1_86' title='bbox 281 1429 359 1490; x_wconf 86' lang='lat' dir='ltr'>istud</span> <span class='ocrx_word' id='word_1_87' title='bbox 382 1429 490 1491; x_wconf 88' lang='lat' dir='ltr'>unicus</span> <span class='ocrx_word' id='word_1_88' title='bbox 512 1430 608 1508; x_wconf 85' lang='lat' dir='ltr'>gentis</span> <span class='ocrx_word' id='word_1_89' title='bbox 630 1449 714 1510; x_wconf 89' lang='lat' dir='ltr'>puer.</span> 
     </span>
    </p>

    <p class='ocr_par' dir='ltr' id='par_1_2' title="bbox 57 1513 1010 1851">
     <span class='ocr_line' id='line_1_17' title="bbox 57 1513 886 1594; baseline 0.005 -20"><span class='ocrx_word' id='word_1_90' title='bbox 57 1569 59 1574; x_wconf 88' lang='lat'><em>.</em></span> <span class='ocrx_word' id='word_1_91' title='bbox 140 1530 217 1573; x_wconf 81' lang='lat' dir='ltr'>amn.</span> <span class='ocrx_word' id='word_1_92' title='bbox 268 1513 406 1576; x_wconf 84' lang='lat' dir='ltr'><strong>Solamen</strong></span> <span class='ocrx_word' id='word_1_93' title='bbox 429 1532 523 1576; x_wconf 89' lang='lat' dir='ltr'>unum</span> <span class='ocrx_word' id='word_1_94' title='bbox 545 1515 647 1577; x_wconf 89' lang='lat' dir='ltr'>matris</span> <span class='ocrx_word' id='word_1_95' title='bbox 669 1517 792 1579; x_wconf 89' lang='lat' dir='ltr'>amissae</span> <span class='ocrx_word' id='word_1_96' title='bbox 813 1517 886 1594; x_wconf 85' lang='lat' dir='ltr'>fero,</span> 
     </span>
     <span class='ocr_line' id='line_1_18' title="bbox 141 1598 994 1679; baseline 0.007 -21"><span class='ocrx_word' id='word_1_97' title='bbox 141 1598 240 1659; x_wconf 92' lang='lat' dir='ltr'>odisse</span> <span class='ocrx_word' id='word_1_98' title='bbox 262 1600 341 1677; x_wconf 91' lang='lat' dir='ltr'>quod</span> <span class='ocrx_word' id='word_1_99' title='bbox 364 1601 421 1660; x_wconf 94' lang='lat' dir='ltr'>iam</span> <span class='ocrx_word' id='word_1_100' title='bbox 444 1600 568 1662; x_wconf 84' lang='lat' dir='ltr'>feminas</span> <span class='ocrx_word' id='word_1_101' title='bbox 591 1619 695 1662; x_wconf 89' lang='lat' dir='ltr'>omnes</span> <span class='ocrx_word' id='word_1_102' title='bbox 716 1601 794 1663; x_wconf 90' lang='lat' dir='ltr'>licet.</span> <span class='ocrx_word' id='word_1_103' title='bbox 983 1638 994 1679; x_wconf 49' lang='lat' dir='ltr'>a</span> 
     </span>
     <span class='ocr_line' id='line_1_19' title="bbox 141 1683 1010 1765; baseline 0.005 -21"><span class='ocrx_word' id='word_1_104' title='bbox 141 1701 226 1744; x_wconf 78' lang='lat' dir='ltr'>avan.</span> <span class='ocrx_word' id='word_1_105' title='bbox 271 1683 308 1744; x_wconf 88' lang='lat' dir='ltr'>Vt</span> <span class='ocrx_word' id='word_1_106' title='bbox 326 1684 402 1746; x_wconf 89' lang='lat' dir='ltr'>dura</span> <span class='ocrx_word' id='word_1_107' title='bbox 424 1695 524 1755; x_wconf 77' lang='lat' dir='ltr'>cautes</span> <span class='ocrx_word' id='word_1_108' title='bbox 547 1685 678 1765; x_wconf 88' lang='lat' dir='ltr'>undique</span> <span class='ocrx_word' id='word_1_109' title='bbox 701 1685 892 1749; x_wconf 84' lang='lat' dir='ltr'>intractabilis</span> <span class='ocrx_word' id='word_1_110' title='bbox 917 1684 1010 1743; x_wconf 62' lang='lat' dir='ltr'>wit</span> 
     </span>
     <span class='ocr_line' id='line_1_20' title="bbox 141 1768 779 1851; baseline 0.005 -22"><span class='ocrx_word' id='word_1_111' title='bbox 141 1769 254 1831; x_wconf 76' lang='lat' dir='ltr'>resistit</span> <span class='ocrx_word' id='word_1_112' title='bbox 275 1769 363 1832; x_wconf 87' lang='lat' dir='ltr'>undis</span> <span class='ocrx_word' id='word_1_113' title='bbox 385 1768 414 1830; x_wconf 84' lang='lat' dir='ltr'>el</span> <span class='ocrx_word' id='word_1_114' title='bbox 435 1769 613 1835; x_wconf 81' lang='lat' dir='ltr'>lacessentes</span> <span class='ocrx_word' id='word_1_115' title='bbox 628 1790 725 1851; x_wconf 60' lang='lat' dir='ltr'>‘aquas</span> <span class='ocrx_word' id='word_1_116' title='bbox 776 1774 779 1779; x_wconf 55' lang='lat'><strong>⁴</strong></span> 
     </span>
    </p>

    <p class='ocr_par' dir='ltr' id='par_1_3' title="bbox 11 1850 793 1942">
     <span class='ocr_line' id='line_1_21' title="bbox 46 1850 793 1942; baseline 0.01 -31.642"><span class='ocrx_word' id='word_1_117' title='bbox 46 1852 231 1942; x_wconf 45' lang='lat' dir='ltr'>...Qlonge</span> <span class='ocrx_word' id='word_1_118' title='bbox 254 1854 387 1931; x_wconf 69' lang='lat' dir='ltr'>remittit,</span> <span class='ocrx_word' id='word_1_119' title='bbox 407 1854 494 1916; x_wconf 81' lang='lat' dir='ltr'>verba</span> <span class='ocrx_word' id='word_1_120' title='bbox 517 1850 560 1917; x_wconf 90' lang='lat' dir='ltr'>sic</span> <span class='ocrx_word' id='word_1_121' title='bbox 582 1857 698 1936; x_wconf 89' lang='lat' dir='ltr'>spernit</span> <span class='ocrx_word' id='word_1_122' title='bbox 719 1875 793 1918; x_wconf 92' lang='lat' dir='ltr'>mea.</span> 
     </span>
    </p>

    <p class='ocr_par' dir='ltr' id='par_1_4' title="bbox 6 1914 1078 2277">
     <span class='ocr_line' id='line_1_22' title="bbox 6 1914 1078 2021; baseline 0.005 -21"><span class='ocrx_word' id='word_1_123' title='bbox 6 1914 15 1963; x_wconf 54' lang='lat' dir='ltr'>l</span> <span class='ocrx_word' id='word_1_124' title='bbox 227 1938 284 2001; x_wconf 86' lang='lat' dir='ltr'>Sed</span> <span class='ocrx_word' id='word_1_125' title='bbox 307 1939 439 2002; x_wconf 89' lang='lat' dir='ltr'>Phaedra</span> <span class='ocrx_word' id='word_1_126' title='bbox 460 1941 603 2021; x_wconf 84' lang='lat' dir='ltr'>praeceps</span> <span class='ocrx_word' id='word_1_127' title='bbox 626 1941 767 2020; x_wconf 80' lang='lat' dir='ltr'>graditur,</span> <span class='ocrx_word' id='word_1_128' title='bbox 791 1940 947 2020; x_wconf 85' lang='lat' dir='ltr'>impatiens</span> <span class='ocrx_word' id='word_1_129' title='bbox 969 1960 1078 2005; x_wconf 86' lang='lat' dir='ltr'>morae.</span> 
     </span>
     <span class='ocr_line' id='line_1_23' title="bbox 141 2023 856 2105; baseline 0.007 -22"><span class='ocrx_word' id='word_1_130' title='bbox 141 2040 202 2102; x_wconf 90' lang='lat' dir='ltr'>quo</span> <span class='ocrx_word' id='word_1_131' title='bbox 224 2042 256 2087; x_wconf 91' lang='lat' dir='ltr'>se</span> <span class='ocrx_word' id='word_1_132' title='bbox 278 2025 357 2088; x_wconf 86' lang='lat' dir='ltr'>dabit</span> <span class='ocrx_word' id='word_1_133' title='bbox 378 2023 521 2087; x_wconf 80' lang='lat' dir='ltr'>fortuna?</span> <span class='ocrx_word' id='word_1_134' title='bbox 543 2045 603 2105; x_wconf 91' lang='lat' dir='ltr'>quo</span> <span class='ocrx_word' id='word_1_135' title='bbox 625 2032 726 2105; x_wconf 84' lang='lat' dir='ltr'>verget</span> <span class='ocrx_word' id='word_1_136' title='bbox 747 2025 856 2088; x_wconf 78' lang='lat' dir='ltr'>furor?</span> 
     </span>
     <span class='ocr_line' id='line_1_24' title="bbox 141 2112 830 2191; baseline 0.006 -22"><span class='ocrx_word' id='word_1_137' title='bbox 141 2117 236 2170; x_wconf 89' lang='lat' dir='ltr'>terrae</span> <span class='ocrx_word' id='word_1_138' title='bbox 258 2120 381 2190; x_wconf 88' lang='lat' dir='ltr'>repente</span> <span class='ocrx_word' id='word_1_139' title='bbox 404 2129 513 2191; x_wconf 83' lang='lat' dir='ltr'>corpus</span> <span class='ocrx_word' id='word_1_140' title='bbox 535 2112 702 2173; x_wconf 82' lang='lat' dir='ltr'>exanimum</span> <span class='ocrx_word' id='word_1_141' title='bbox 724 2112 830 2173; x_wconf 89' lang='lat' dir='ltr'>accidit</span> 
     </span>
     <span class='ocr_line' id='line_1_25' title="bbox 141 2195 737 2277; baseline 0.005 -23"><span class='ocrx_word' id='word_1_142' title='bbox 141 2201 170 2254; x_wconf 94' lang='lat' dir='ltr'>et</span> <span class='ocrx_word' id='word_1_143' title='bbox 192 2212 243 2256; x_wconf 87' lang='lat' dir='ltr'>ora</span> <span class='ocrx_word' id='word_1_144' title='bbox 265 2195 353 2256; x_wconf 88' lang='lat' dir='ltr'>morti</span> <span class='ocrx_word' id='word_1_145' title='bbox 376 2196 479 2257; x_wconf 90' lang='lat' dir='ltr'>similis</span> <span class='ocrx_word' id='word_1_146' title='bbox 502 2195 623 2277; x_wconf 70' lang='lat' dir='ltr'>obduxit</span> <span class='ocrx_word' id='word_1_147' title='bbox 646 2197 737 2265; x_wconf 89' lang='lat' dir='ltr'>color.</span> 
     </span>
    </p>
   </div>
   <div class='ocr_carea' id='block_1_2' title="bbox 139 2274 853 2454">
    <p class='ocr_par' dir='ltr' id='par_1_5' title="bbox 139 2274 853 2454">
     <span class='ocr_line' id='line_1_26' title="bbox 139 2274 740 2357; baseline 0.007 -18"><span class='ocrx_word' id='word_1_148' title='bbox 139 2278 367 2357; x_wconf 49' lang='lat' dir='ltr'>attolle‘vultus¹</span> <span class='ocrx_word' id='word_1_149' title='bbox 390 2281 504 2342; x_wconf 87' lang='lat' dir='ltr'>dimove</span> <span class='ocrx_word' id='word_1_150' title='bbox 526 2274 740 2344; x_wconf 74' lang='lat' dir='ltr'>vocismoras:</span> 
     </span>
     <span class='ocr_line' id='line_1_27' title="bbox 140 2364 853 2454; baseline 0.007 -30"><span class='ocrx_word' id='word_1_151' title='bbox 140 2370 210 2425; x_wconf 89' lang='lat' dir='ltr'>tuus</span> <span class='ocrx_word' id='word_1_152' title='bbox 233 2384 280 2441; x_wconf 85' lang='lat' dir='ltr'>en,</span> <span class='ocrx_word' id='word_1_153' title='bbox 302 2364 430 2441; x_wconf 90' lang='lat' dir='ltr'>alumna,</span> <span class='ocrx_word' id='word_1_154' title='bbox 453 2374 543 2428; x_wconf 88' lang='lat' dir='ltr'>temet</span> <span class='ocrx_word' id='word_1_155' title='bbox 565 2366 741 2448; x_wconf 69' lang='lat' dir='ltr'>Hippolytus</span> <span class='ocrx_word' id='word_1_156' title='bbox 764 2375 853 2454; x_wconf 75' lang='lat' dir='ltr'>tepet.</span> 
     </span>
    </p>
   </div>
   <div class='ocr_carea' id='block_1_3' title="bbox 495 2502 676 2581">
    <p class='ocr_par' dir='ltr' id='par_1_6' title="bbox 495 2502 676 2581">
     <span class='ocr_line' id='line_1_28' title="bbox 495 2502 676 2581; baseline 0 -2"><span class='ocrx_word' id='word_1_157' title='bbox 495 2502 676 2581; x_wconf 73' lang='lat' dir='ltr'>Pandora</span> 
     </span>
    </p>
   </div>
   <div class='ocr_carea' id='block_1_4' title="bbox 94 2616 1232 3295">
    <p class='ocr_par' dir='ltr' id='par_1_7' title="bbox 225 2616 954 2718">
     <span class='ocr_line' id='line_1_29' title="bbox 225 2616 954 2718; baseline 0.004 -40"><span class='ocrx_word' id='word_1_158' title='bbox 225 2616 297 2689; x_wconf 85' lang='lat' dir='ltr'>Quis</span> <span class='ocrx_word' id='word_1_159' title='bbox 318 2637 366 2681; x_wconf 91' lang='lat' dir='ltr'>me</span> <span class='ocrx_word' id='word_1_160' title='bbox 388 2618 483 2680; x_wconf 88' lang='lat' dir='ltr'>dolori</span> <span class='ocrx_word' id='word_1_161' title='bbox 505 2618 601 2681; x_wconf 89' lang='lat' dir='ltr'>reddit</span> <span class='ocrx_word' id='word_1_162' title='bbox 622 2627 710 2700; x_wconf 86' lang='lat' dir='ltr'>atque</span> <span class='ocrx_word' id='word_1_163' title='bbox 732 2627 830 2682; x_wconf 84' lang='lat' dir='ltr'>aestus</span> <span class='ocrx_word' id='word_1_164' title='bbox 853 2637 954 2718; x_wconf 62' lang='lat' dir='ltr'>graves</span> 
     </span>
    </p>

    <p class='ocr_par' dir='ltr' id='par_1_8' title="bbox 129 2701 1232 3040">
     <span class='ocr_line' id='line_1_30' title="bbox 139 2701 1213 2783; baseline 0.006 -20"><span class='ocrx_word' id='word_1_165' title='bbox 139 2701 258 2782; x_wconf 86' lang='lat' dir='ltr'>reponit</span> <span class='ocrx_word' id='word_1_166' title='bbox 279 2701 402 2765; x_wconf 78' lang='lat' dir='ltr'>animo?</span> <span class='ocrx_word' id='word_1_167' title='bbox 445 2722 533 2783; x_wconf 85' lang='lat' dir='ltr'>quam</span> <span class='ocrx_word' id='word_1_168' title='bbox 556 2705 633 2766; x_wconf 88' lang='lat' dir='ltr'>bene</span> <span class='ocrx_word' id='word_1_169' title='bbox 655 2704 820 2766; x_wconf 85' lang='lat' dir='ltr'>excideram</span> <span class='ocrx_word' id='word_1_170' title='bbox 842 2705 929 2765; x_wconf 82' lang='lat' dir='ltr'>mihil</span> <span class='ocrx_word' id='word_1_171' title='bbox 1168 2718 1213 2769; x_wconf 80' lang='grc'>696</span> 
     </span>
     <span class='ocr_line' id='line_1_31' title="bbox 129 2786 932 2868; baseline 0.002 -20"><span class='ocrx_word' id='word_1_172' title='bbox 129 2806 212 2865; x_wconf 64' lang='grc'>6166.</span> <span class='ocrx_word' id='word_1_173' title='bbox 263 2786 322 2850; x_wconf 84' lang='lat' dir='ltr'>Cur</span> <span class='ocrx_word' id='word_1_174' title='bbox 343 2789 428 2850; x_wconf 90' lang='lat' dir='ltr'>dulce</span> <span class='ocrx_word' id='word_1_175' title='bbox 450 2808 560 2852; x_wconf 87' lang='lat' dir='ltr'>munus</span> <span class='ocrx_word' id='word_1_176' title='bbox 582 2790 711 2851; x_wconf 89' lang='lat' dir='ltr'>redditae</span> <span class='ocrx_word' id='word_1_177' title='bbox 732 2789 808 2851; x_wconf 89' lang='lat' dir='ltr'>lucis</span> <span class='ocrx_word' id='word_1_178' title='bbox 830 2787 932 2868; x_wconf 78' lang='lat' dir='ltr'>logis?</span> 
     </span>
     <span class='ocr_line' id='line_1_32' title="bbox 139 2874 1232 2954; baseline 0.001 -22"><span class='ocrx_word' id='word_1_179' title='bbox 139 2892 183 2934; x_wconf 80' lang='lat' dir='ltr'>nn.</span> <span class='ocrx_word' id='word_1_180' title='bbox 260 2874 354 2949; x_wconf 78' lang='lat' dir='ltr'>Ande,</span> <span class='ocrx_word' id='word_1_181' title='bbox 377 2875 483 2951; x_wconf 85' lang='lat' dir='ltr'>anime,</span> <span class='ocrx_word' id='word_1_182' title='bbox 505 2883 624 2954; x_wconf 88' lang='lat' dir='ltr'>tempta,</span> <span class='ocrx_word' id='word_1_183' title='bbox 646 2892 754 2954; x_wconf 72' lang='lat' dir='ltr'>perage</span> <span class='ocrx_word' id='word_1_184' title='bbox 775 2874 943 2936; x_wconf 90' lang='lat' dir='ltr'>mandatum</span> <span class='ocrx_word' id='word_1_185' title='bbox 966 2883 1113 2937; x_wconf 47' lang='lat' dir='ltr'>laumas⁸</span> <span class='ocrx_word' id='word_1_186' title='bbox 1150 2908 1167 2923; x_wconf 45' lang='grc' dir='ltr'>ω</span> <span class='ocrx_word' id='word_1_187' title='bbox 1200 2910 1232 2933; x_wconf 57' lang='lat'>22</span> 
     </span>
     <span class='ocr_line' id='line_1_33' title="bbox 140 2957 875 3040; baseline 0.001 -21"><span class='ocrx_word' id='word_1_188' title='bbox 140 2957 287 3038; x_wconf 89' lang='lat' dir='ltr'>intrepida</span> <span class='ocrx_word' id='word_1_189' title='bbox 309 2968 447 3021; x_wconf 89' lang='lat' dir='ltr'>constent</span> <span class='ocrx_word' id='word_1_190' title='bbox 468 2960 571 3021; x_wconf 86' lang='lat' dir='ltr'>verba:</span> <span class='ocrx_word' id='word_1_191' title='bbox 595 2960 647 3040; x_wconf 90' lang='lat' dir='ltr'>qui</span> <span class='ocrx_word' id='word_1_192' title='bbox 669 2959 769 3021; x_wconf 90' lang='lat' dir='ltr'>timide</span> <span class='ocrx_word' id='word_1_193' title='bbox 792 2969 875 3038; x_wconf 83' lang='lat' dir='ltr'>rogat</span> 
     </span>
    </p>

    <p class='ocr_par' dir='ltr' id='par_1_9' title="bbox 94 3043 853 3295">
     <span class='ocr_line' id='line_1_34' title="bbox 94 3043 826 3125; baseline 0.001 -21"><span class='ocrx_word' id='word_1_194' title='bbox 94 3066 96 3069; x_wconf 93' lang='lat'>·</span> <span class='ocrx_word' id='word_1_195' title='bbox 140 3043 226 3105; x_wconf 89' lang='lat' dir='ltr'>docet</span> <span class='ocrx_word' id='word_1_196' title='bbox 246 3062 364 3123; x_wconf 80' lang='lat' dir='ltr'>negare.</span> <span class='ocrx_word' id='word_1_197' title='bbox 408 3063 513 3123; x_wconf 82' lang='lat' dir='ltr'>magna</span> <span class='ocrx_word' id='word_1_198' title='bbox 536 3063 605 3125; x_wconf 90' lang='lat' dir='ltr'>pars</span> <span class='ocrx_word' id='word_1_199' title='bbox 627 3044 747 3106; x_wconf 88' lang='lat' dir='ltr'>sceleris</span> <span class='ocrx_word' id='word_1_200' title='bbox 769 3044 826 3105; x_wconf 93' lang='lat' dir='ltr'>mei</span> 
     </span>
     <span class='ocr_line' id='line_1_35' title="bbox 140 3127 853 3209; baseline 0.007 -21"><span class='ocrx_word' id='word_1_201' title='bbox 140 3127 210 3189; x_wconf 93' lang='lat' dir='ltr'>olim</span> <span class='ocrx_word' id='word_1_202' title='bbox 231 3138 350 3208; x_wconf 89' lang='lat' dir='ltr'>peracta</span> <span class='ocrx_word' id='word_1_203' title='bbox 373 3141 433 3204; x_wconf 85' lang='lat' dir='ltr'>est;</span> <span class='ocrx_word' id='word_1_204' title='bbox 456 3138 541 3192; x_wconf 88' lang='lat' dir='ltr'>serus</span> <span class='ocrx_word' id='word_1_205' title='bbox 564 3140 609 3192; x_wconf 91' lang='lat' dir='ltr'>est</span> <span class='ocrx_word' id='word_1_206' title='bbox 631 3129 717 3191; x_wconf 88' lang='lat' dir='ltr'>nobis</span> <span class='ocrx_word' id='word_1_207' title='bbox 739 3129 853 3209; x_wconf 90' lang='lat' dir='ltr'>pudor:</span> 
     </span>
     <span class='ocr_line' id='line_1_36' title="bbox 139 3213 828 3295; baseline 0 -20"><span class='ocrx_word' id='word_1_208' title='bbox 139 3213 298 3276; x_wconf 83' lang='lat' dir='ltr'>amavimus</span> <span class='ocrx_word' id='word_1_209' title='bbox 319 3214 455 3276; x_wconf 83' lang='lat' dir='ltr'>nefanda.</span> <span class='ocrx_word' id='word_1_210' title='bbox 499 3215 525 3276; x_wconf 88' lang='lat' dir='ltr'>si</span> <span class='ocrx_word' id='word_1_211' title='bbox 547 3224 650 3295; x_wconf 87' lang='lat' dir='ltr'>coepta</span> <span class='ocrx_word' id='word_1_212' title='bbox 673 3234 828 3295; x_wconf 84' lang='lat' dir='ltr'>exsequor,</span> 
     </span>
    </p>
   </div>
   <div class='ocr_carea' id='block_1_5' title="bbox 138 3431 1354 3983">
    <p class='ocr_par' dir='ltr' id='par_1_10' title="bbox 138 3431 1354 3983">
     <span class='ocr_line' id='line_1_37' title="bbox 224 3431 1211 3498; baseline 0.001 -14"><span class='ocrx_word' id='word_1_213' title='bbox 224 3436 273 3484; x_wconf 85' lang='grc'>666</span> <span class='ocrx_word' id='word_1_214' title='bbox 292 3447 337 3484; x_wconf 87' lang='lat' dir='ltr'>cor</span> <span class='ocrx_word' id='word_1_215' title='bbox 354 3432 385 3498; x_wconf 75' lang='lat' dir='ltr'>a,</span> <span class='ocrx_word' id='word_1_216' title='bbox 405 3439 555 3486; x_wconf 80' lang='lat' dir='ltr'>correctum</span> <span class='ocrx_word' id='word_1_217' title='bbox 568 3449 584 3483; x_wconf 87' lang='lat' dir='ltr'><strong><em>a</em></strong></span> <span class='ocrx_word' id='word_1_218' title='bbox 596 3434 767 3483; x_wconf 74' lang='lat' dir='ltr'>rubricatam</span> <span class='ocrx_word' id='word_1_219' title='bbox 819 3434 870 3486; x_wconf 89' lang='grc'>666</span> <span class='ocrx_word' id='word_1_220' title='bbox 889 3432 971 3485; x_wconf 90' lang='lat' dir='ltr'>omnis</span> <span class='ocrx_word' id='word_1_221' title='bbox 989 3431 1013 3483; x_wconf 80' lang='grc' dir='ltr'><em>Ε</em></span> <span class='ocrx_word' id='word_1_222' title='bbox 1065 3435 1113 3486; x_wconf 79' lang='grc'>667</span> <span class='ocrx_word' id='word_1_223' title='bbox 1134 3431 1211 3485; x_wconf 89' lang='lat' dir='ltr'>durus</span> 
     </span>
     <span class='ocr_line' id='line_1_38' title="bbox 142 3496 1211 3568; baseline 0.003 -19"><span class='ocrx_word' id='word_1_224' title='bbox 142 3496 189 3549; x_wconf 74' lang='grc' dir='ltr'>ΕΑ</span> <span class='ocrx_word' id='word_1_225' title='bbox 206 3514 275 3552; x_wconf 83' lang='lat' dir='ltr'>corr.</span> <span class='ocrx_word' id='word_1_226' title='bbox 296 3504 316 3563; x_wconf 84' lang='grc' dir='ltr'><strong><em>ς</em></strong></span> <span class='ocrx_word' id='word_1_227' title='bbox 333 3502 455 3568; x_wconf 62' lang='lat' dir='ltr'>(audino)</span> <span class='ocrx_word' id='word_1_228' title='bbox 525 3505 576 3555; x_wconf 82' lang='grc'>674</span> <span class='ocrx_word' id='word_1_229' title='bbox 594 3504 709 3552; x_wconf 76' lang='lat' dir='ltr'>nutricis</span> <span class='ocrx_word' id='word_1_230' title='bbox 726 3516 822 3552; x_wconf 82' lang='lat' dir='ltr'>nomen</span> <span class='ocrx_word' id='word_1_231' title='bbox 840 3517 900 3567; x_wconf 67' lang='lat' dir='ltr'>om„</span> <span class='ocrx_word' id='word_1_232' title='bbox 917 3500 982 3553; x_wconf 85' lang='lat' dir='ltr'>odd.</span> <span class='ocrx_word' id='word_1_233' title='bbox 1000 3516 1096 3552; x_wconf 77' lang='lat' dir='ltr'>manoe</span> <span class='ocrx_word' id='word_1_234' title='bbox 1114 3500 1146 3552; x_wconf 83' lang='lat' dir='ltr'>de</span> <span class='ocrx_word' id='word_1_235' title='bbox 1158 3517 1211 3566; x_wconf 82' lang='lat' dir='ltr'>qua</span> 
     </span>
     <span class='ocr_line' id='line_1_39' title="bbox 141 3565 1211 3649; baseline 0.006 -33"><span class='ocrx_word' id='word_1_236' title='bbox 141 3565 200 3617; x_wconf 74' lang='lat' dir='ltr'>eido</span> <span class='ocrx_word' id='word_1_237' title='bbox 216 3567 238 3632; x_wconf 81' lang='grc'>1,</span> <span class='ocrx_word' id='word_1_238' title='bbox 256 3568 288 3620; x_wconf 90' lang='lat'>17</span> <span class='ocrx_word' id='word_1_239' title='bbox 306 3569 364 3649; x_wconf 71' lang='lat' dir='ltr'>(ude&#39;</span> <span class='ocrx_word' id='word_1_240' title='bbox 378 3586 429 3637; x_wconf 81' lang='lat' dir='ltr'>pro</span> <span class='ocrx_word' id='word_1_241' title='bbox 447 3570 499 3623; x_wconf 82' lang='grc'>634</span> <span class='ocrx_word' id='word_1_242' title='bbox 515 3586 553 3636; x_wconf 74' lang='lat' dir='ltr'>sq.</span> <span class='ocrx_word' id='word_1_243' title='bbox 570 3568 723 3638; x_wconf 81' lang='lat' dir='ltr'>ponendum</span> <span class='ocrx_word' id='word_1_244' title='bbox 734 3568 886 3649; x_wconf 26' lang='lat'><em>‘582-644,</em></span> <span class='ocrx_word' id='word_1_245' title='bbox 904 3573 922 3620; x_wconf 77' lang='lat' dir='ltr'>i.</span> <span class='ocrx_word' id='word_1_246' title='bbox 941 3586 962 3622; x_wconf 88' lang='lat' dir='ltr'>a.</span> <span class='ocrx_word' id='word_1_247' title='bbox 980 3567 1030 3629; x_wconf 77' lang='lat' dir='ltr'>sol.</span> <span class='ocrx_word' id='word_1_248' title='bbox 1046 3569 1093 3620; x_wconf 73' lang='lat'>75¹²</span> <span class='ocrx_word' id='word_1_249' title='bbox 1111 3575 1137 3620; x_wconf 84' lang='lat' dir='ltr'>at</span> <span class='ocrx_word' id='word_1_250' title='bbox 1154 3569 1211 3633; x_wconf 61' lang='lat' dir='ltr'><strong>76&#39;r)</strong></span> 
     </span>
     <span class='ocr_line' id='line_1_40' title="bbox 140 3633 1212 3771; baseline 0.004 -18"><span class='ocrx_word' id='word_1_251' title='bbox 140 3633 409 3769; x_wconf 52' lang='lat' dir='ltr'>fihoIiip&#39;l&#39;lliegtpppltup</span> <span class='ocrx_word' id='word_1_252' title='bbox 425 3639 559 3758; x_wconf 35' lang='lat' dir='ltr'>{dilatam</span> <span class='ocrx_word' id='word_1_253' title='bbox 583 3637 1135 3771; x_wconf 38' lang='lat' dir='ltr'>a{Rodum{zafanaadaeve‘lllfflffng</span> <span class='ocrx_word' id='word_1_254' title='bbox 1151 3654 1212 3770; x_wconf 49' lang='grc' dir='ltr'>ἵξῃ,</span> 
     </span>
     <span class='ocr_line' id='line_1_41' title="bbox 140 3768 1213 3842; baseline 0.004 -21"><span class='ocrx_word' id='word_1_255' title='bbox 140 3768 215 3839; x_wconf 81' lang='lat' dir='ltr'>[s]pe)</span> <span class='ocrx_word' id='word_1_256' title='bbox 232 3772 334 3824; x_wconf 74' lang='lat' dir='ltr'>retiam</span> <span class='ocrx_word' id='word_1_257' title='bbox 350 3775 394 3838; x_wconf 75' lang='lat' dir='ltr'>ll&#39;;</span> <span class='ocrx_word' id='word_1_258' title='bbox 416 3776 442 3824; x_wconf 83' lang='grc' dir='ltr'><strong><em>Σ</em></strong></span> <span class='ocrx_word' id='word_1_259' title='bbox 457 3780 490 3826; x_wconf 79' lang='lat' dir='ltr'>ut</span> <span class='ocrx_word' id='word_1_260' title='bbox 505 3775 531 3825; x_wconf 82' lang='lat' dir='ltr'><em>A</em></span> <span class='ocrx_word' id='word_1_261' title='bbox 600 3777 650 3828; x_wconf 83' lang='lat'>584</span> <span class='ocrx_word' id='word_1_262' title='bbox 667 3773 752 3840; x_wconf 76' lang='lat' dir='ltr'>vergit</span> <span class='ocrx_word' id='word_1_263' title='bbox 768 3773 793 3823; x_wconf 83' lang='grc' dir='ltr'><em>Ε</em></span> <span class='ocrx_word' id='word_1_264' title='bbox 867 3776 917 3827; x_wconf 85' lang='grc'>686</span> <span class='ocrx_word' id='word_1_265' title='bbox 936 3777 1040 3842; x_wconf 85' lang='lat' dir='ltr'>repente</span> <span class='ocrx_word' id='word_1_266' title='bbox 1057 3776 1139 3825; x_wconf 83' lang='lat' dir='ltr'>terrae</span> <span class='ocrx_word' id='word_1_267' title='bbox 1157 3789 1213 3826; x_wconf 85' lang='lat' dir='ltr'>eor·</span> 
     </span>
     <span class='ocr_line' id='line_1_42' title="bbox 139 3838 1354 3918; baseline 0.003 -27"><span class='ocrx_word' id='word_1_268' title='bbox 139 3853 187 3918; x_wconf 82' lang='lat' dir='ltr'>pus</span> <span class='ocrx_word' id='word_1_269' title='bbox 204 3841 348 3894; x_wconf 83' lang='lat' dir='ltr'>exanimum</span> <span class='ocrx_word' id='word_1_270' title='bbox 371 3841 478 3894; x_wconf 80' lang='lat' dir='ltr'>caditA</span> <span class='ocrx_word' id='word_1_271' title='bbox 552 3845 602 3896; x_wconf 83' lang='grc'>689</span> <span class='ocrx_word' id='word_1_272' title='bbox 620 3857 706 3893; x_wconf 82' lang='lat' dir='ltr'>novoe</span> <span class='ocrx_word' id='word_1_273' title='bbox 727 3857 840 3892; x_wconf 75' lang='lat' dir='ltr'>scaenae</span> <span class='ocrx_word' id='word_1_274' title='bbox 862 3843 1021 3894; x_wconf 72' lang='lat' dir='ltr'>inscribitur</span> <span class='ocrx_word' id='word_1_275' title='bbox 1044 3840 1159 3894; x_wconf 86' lang='lat' dir='ltr'>Phaedra</span> <span class='ocrx_word' id='word_1_276' title='bbox 1184 3847 1210 3895; x_wconf 85' lang='lat' dir='ltr'>et</span> <span class='ocrx_word' id='word_1_277' title='bbox 1353 3838 1354 3905; x_wconf 64' lang='lat' dir='ltr'>l</span> 
     </span>
     <span class='ocr_line' id='line_1_43' title="bbox 138 3905 1354 3983; baseline 0.004 -26"><span class='ocrx_word' id='word_1_278' title='bbox 138 3905 203 3960; x_wconf 81' lang='lat' dir='ltr'>idem</span> <span class='ocrx_word' id='word_1_279' title='bbox 221 3910 246 3961; x_wconf 75' lang='lat' dir='ltr'>ll</span> <span class='ocrx_word' id='word_1_280' title='bbox 262 3909 359 3963; x_wconf 84' lang='lat' dir='ltr'>Phaed.</span> <span class='ocrx_word' id='word_1_281' title='bbox 377 3910 451 3980; x_wconf 90' lang='lat' dir='ltr'>llipp.</span> <span class='ocrx_word' id='word_1_282' title='bbox 471 3910 543 3964; x_wconf 86' lang='lat' dir='ltr'>Nutr.</span> <span class='ocrx_word' id='word_1_283' title='bbox 561 3911 587 3961; x_wconf 82' lang='lat' dir='ltr'><em>A</em></span> <span class='ocrx_word' id='word_1_284' title='bbox 656 3912 703 3962; x_wconf 82' lang='grc'>691</span> <span class='ocrx_word' id='word_1_285' title='bbox 723 3909 862 3961; x_wconf 78' lang='lat' dir='ltr'>Phaedrae</span> <span class='ocrx_word' id='word_1_286' title='bbox 879 3914 1055 3983; x_wconf 67' lang='lat' dir='ltr'>condonatur</span> <span class='ocrx_word' id='word_1_287' title='bbox 1072 3911 1097 3962; x_wconf 83' lang='lat' dir='ltr'><em>A</em></span> <span class='ocrx_word' id='word_1_288' title='bbox 1353 3910 1354 3937; x_wconf 65' lang='lat' dir='ltr'>l</span> 
     </span>
    </p>
   </div>
   <div class='ocr_carea' id='block_1_6' title="bbox 0 0 1364 4488">
    <p class='ocr_par' dir='ltr' id='par_1_11' title="bbox 0 0 1364 4488">
     <span class='ocr_line' id='line_1_44' title="bbox 0 0 1364 4488; baseline 0 1"><span class='ocrx_word' id='word_1_289' title='bbox 0 0 1364 4488; x_wconf 95' lang='lat' dir='ltr'> </span> 
     </span>
    </p>
   </div>
  </div>
 </body>
</html>
