2790 4494
545 173 574 215 L.
597 172 703 215 anunm
724 171 852 215 SENECAE

492 322 641 385 CHORVS

335 440 443 502 Verum
467 450 511 502 est
532 459 570 503 an
592 440 712 502 timidos
734 439 830 502 fabula
853 440 962 522 decipit

249 525 369 587 umbras
391 525 568 606 corporibus
590 525 685 589 vivere
708 525 845 602 conditis,

250 629 317 673 eum
340 611 471 673 coniunx
493 608 588 672 oculis
610 610 751 691 imposuit
772 629 892 672 manum

249 714 468 776 supremusque
491 696 553 776 dies
575 694 688 757 solibus
710 695 824 759 obstitit

250 789 279 843 et
300 780 392 842 tristis
414 781 530 843 cineres
552 797 626 843 urna
649 778 823 842 cohercuit?

250 884 312 928 non
335 866 459 946 prodest
479 865 606 926 animam
627 865 743 927 tradere
767 864 875 940 funeri,

249 951 302 1012 scd
323 958 414 1011 restat
435 950 552 1012 miseris
574 950 669 1011 rivere
691 946 834 1029 longius?

250 1054 288 1097 an
310 1035 364 1098 toti
387 1035 533 1096 morimur
555 1034 696 1114 nullaque
719 1052 787 1113 pars
810 1044 909 1097 manet

250 1119 356 1195 nostri,
379 1137 446 1181 cum
469 1119 597 1200 profugo
620 1119 742 1199 spiritus
765 1118 856 1181 halitu

250 1205 401 1267 immixtus
422 1203 541 1266 nebulis
565 1204 654 1266 cessit
675 1204 707 1265 in
730 1221 796 1265 aera

250 1299 280 1352 et
302 1289 415 1350 nudum
437 1288 532 1368 tetigit
554 1288 669 1351 subdita
691 1290 739 1350 lax
762 1285 863 1350 latus?

336 1374 486 1453 Quidquid
508 1374 554 1436 sol
576 1374 686 1450 oriens,
709 1373 853 1453 quidquid
877 1382 907 1435 et
934 1374 1073 1439 occidens

251 1458 341 1534 novit,
365 1458 508 1520 caeruleis
530 1459 668 1521 Oceanus
689 1459 773 1520 fretis

252 1544 396 1624 quidquid
418 1543 465 1606 bis
485 1543 608 1609 veniens
630 1552 660 1605 et
681 1543 799 1624 fugiens
822 1542 905 1620 lavat,

238 1639 330 1691 'aetas
351 1627 482 1709 Pegaseo
504 1628 647 1710 corripiet
668 1629 771 1709 gradu.

165 1778 169 1783 ,
252 1732 312 1794 quo
333 1714 380 1776 bis
403 1732 474 1776 sena
496 1715 594 1776 rolant
615 1714 710 1775 sidera
731 1711 861 1789 turbine,

252 1818 312 1879 quo
336 1817 425 1860 cursu
449 1807 591 1880 properat
611 1798 726 1860 volvere
748 1797 864 1860 saecula

251 1892 400 1946 astrorum
422 1883 571 1959 dominus,
594 1901 653 1962 quo
676 1891 817 1964 properat
838 1883 925 1944 modo
979 1960 983 1967 ι

253 1969 382 2049 obliquis
403 1967 512 2030 Hecate
534 1987 655 2030 currere
676 1966 816 2030 flexibus:

252 2054 311 2115 boc
333 2072 437 2115 omnes
459 2053 588 2134 petimus
610 2054 666 2115 lata
689 2072 745 2115 nec
767 2052 903 2133 amplius,

253 2140 365 2215 iuratos
387 2139 505 2218 superis
527 2139 578 2217 qui
601 2137 698 2216 tetigit
719 2136 810 2211 lacus,

253 2242 380 2302 usquam
403 2230 464 2298 est;
488 2231 523 2284 ut
543 2222 644 2283 calidis
666 2223 766 2283 fumus
788 2220 827 2287 ab
846 2219 966 2300 ignibus

251 2309 392 2383 vanescit,
414 2307 542 2389 spatium
565 2305 729 2387 perbreve
751 2306 900 2378 sordidus,

252 2402 287 2455 ut
309 2391 414 2467 nubes,
438 2392 569 2472 gravidas
592 2410 664 2471 quas
686 2391 777 2453 modo
799 2388 937 2467 vidimus,

253 2477 345 2557 arctoi
367 2476 478 2538 Boreae
500 2477 614 2539 dissicit
634 2476 778 2557 impetus:

255 2563 298 2625 sic
321 2561 378 2637 hic,
402 2580 462 2641 quo
484 2562 627 2640 regimur,
651 2560 774 2642 spiritus
796 2561 907 2623 effluet.
974 2636 977 2643 ί

253 2655 467 2728 postmortem
490 2646 565 2708 nibil
583 2655 633 2715 ‚est
654 2647 778 2727 ipsaque
799 2664 880 2709 mors
902 2644 988 2723 nihil,
1057 2652 1061 2657 '

197 2792 201 2805 ,
254 2731 364 2794 velocis
386 2732 471 2813 spatii
493 2740 569 2795 meta
593 2733 768 2807 novissima3
915 2808 920 2814 η

254 2835 338 2898 spem
362 2826 476 2897 ponant
497 2816 583 2901 avidi,
606 2817 723 2881 solliciti
745 2826 873 2881 metum:

215 2898 226 2920 ⁸
254 2915 374 2982 tempus
396 2922 452 2964 nos
474 2902 591 2964 avidum
613 2902 732 2964 devorat
757 2909 787 2962 et
809 2899 907 2964 cbaos.

255 3005 336 3049 mors
358 2986 507 3049 individua
530 2995 584 3061 est,
607 2988 694 3051 noxia
717 2985 836 3067 corpori

255 3088 312 3132 nec
333 3090 459 3151 parcens
481 3071 611 3134 animae:
655 3070 787 3135 Taenara
809 3077 838 3131 et
858 3088 964 3151 aspero

185 3216 192 3223 ,
256 3173 381 3233 regnum
404 3156 460 3218 sub
484 3156 604 3217 domiuo
626 3156 716 3219 limen
739 3164 768 3217 et
791 3150 930 3219 obsidens

255 3248 356 3301 custos
378 3259 439 3302 non
463 3240 540 3302 lacili
563 3238 709 3303 Cerberus
731 3240 807 3301 ostio

254 3343 391 3387 rumores
411 3327 496 3388 vacui
517 3325 665 3406 verbaque
686 3325 784 3387 inania
1039 3338 1048 3343 ·
1198 3335 1245 3387 405

166 3442 372 3479 „fi—'n'ae-——m-

169 3588 173 3595 ,
255 3557 692 3619 3713lobulerb2ra.ercmll
778 3558 981 3612 3ibtristesA
1061 3560 1111 3614 3'18
1136 3560 1246 3611 ann

169 3628 317 3694 παλαιά
331 3645 345 3680 e
364 3633 382 3679 i.
401 3627 543 3680 ras.2m.
621 3629 671 3680 379
690 3627 784 3679 nostrie
803 3643 818 3678 o
836 3629 855 3680 i.
874 3643 928 3679 rar.
947 3626 1008 3679 2m.
1027 3626 1052 3678 E
1130 3629 1182 3681 aad
1202 3626 1246 3680 vel

167 3697 276 3749 veniens
291 3695 334 3749 vel
351 3695 453 3763 lugiens
470 3696 502 3747 A.
512 3695 626 3747 —labat
640 3694 665 3745 E
718 3698 767 3749 386
785 3695 824 3747 bis
843 3709 908 3761 quos
925 3709 987 3748 seua
1005 3699 1101 3748 vocant
1116 3695 1142 3747 ll
1191 3698 1242 3748 337

167 3764 270 3817 saecula
287 3763 392 3816 volvere
410 3764 435 3815 A
513 3762 719 3817 assecretem
798 3765 848 3816 390
870 3762 1040 3816 haecomues
1057 3764 1116 3815 ΕΑ
1137 3766 1246 3828 corn&

138 3855 140 3859 ·
168 3834 218 3885 393
236 3831 390 3948 εοὲἀίὺιιες
459 3834 509 3886 333
528 3831 679 3898 dissipatA
716 3831 821 3883 dissicat
836 3830 862 3881 Ε
880 3847 951 3884 corr.
969 3834 1028 3900 205
1062 3835 1113 3885 402
1132 3835 1245 3884 leuareta

168 3913 244 3966 spero
