<?xml version="1.0" encoding="UTF-8"?>
<!DOCTYPE html PUBLIC "-//W3C//DTD XHTML 1.0 Transitional//EN"
    "http://www.w3.org/TR/xhtml1/DTD/xhtml1-transitional.dtd">
<html xmlns="http://www.w3.org/1999/xhtml" xml:lang="en" lang="en">
 <head>
  <title>
</title>
<meta http-equiv="Content-Type" content="text/html;charset=utf-8" />
  <meta name='ocr-system' content='tesseract 3.04.00' />
  <meta name='ocr-capabilities' content='ocr_page ocr_carea ocr_par ocr_line ocrx_word'/>
</head>
<body>
  <div class='ocr_page' id='page_1' title='image "./lannaeisenecaet00leogoog_0110.png"; bbox 0 0 2686 4482; ppageno 0'>
   <div class='ocr_carea' id='block_1_1' title="bbox 495 140 1166 203">
    <p class='ocr_par' dir='ltr' id='par_1_1' title="bbox 495 140 1166 203">
     <span class='ocr_line' id='line_1_1' title="bbox 495 140 1166 203; baseline 0.006 -5"><span class='ocrx_word' id='word_1_1' title='bbox 495 158 533 199; x_wconf 81' lang='lat' dir='ltr'><strong>nn</strong></span> <span class='ocrx_word' id='word_1_2' title='bbox 554 156 759 200; x_wconf 68' lang='lat' dir='ltr'><strong>oeamunoun.</strong></span> <span class='ocrx_word' id='word_1_3' title='bbox 1125 140 1166 203; x_wconf 76' lang='lat'><strong>97</strong></span> 
     </span>
    </p>
   </div>
   <div class='ocr_carea' id='block_1_2' title="bbox 15 307 1241 3953">
    <p class='ocr_par' dir='ltr' id='par_1_2' title="bbox 15 307 1216 1916">
     <span class='ocr_line' id='line_1_2' title="bbox 87 307 1168 387; baseline 0 -19"><span class='ocrx_word' id='word_1_4' title='bbox 87 318 331 387; x_wconf 85' lang='lat' dir='ltr'><strong>cognoscantur,</strong></span> <span class='ocrx_word' id='word_1_5' title='bbox 360 309 460 369; x_wconf 91' lang='lat' dir='ltr'><strong>locum</strong></span> <span class='ocrx_word' id='word_1_6' title='bbox 488 307 576 369; x_wconf 90' lang='lat' dir='ltr'><strong>hahet</strong></span> <span class='ocrx_word' id='word_1_7' title='bbox 603 308 655 369; x_wconf 93' lang='lat' dir='ltr'><strong>uhi</strong></span> <span class='ocrx_word' id='word_1_8' title='bbox 684 309 716 368; x_wconf 89' lang='lat' dir='ltr'><strong>in</strong></span> <span class='ocrx_word' id='word_1_9' title='bbox 744 323 879 368; x_wconf 78' lang='lat' dir='ltr'>scaenam</span> <span class='ocrx_word' id='word_1_10' title='bbox 900 323 1020 368; x_wconf 84' lang='lat' dir='ltr'><strong>vacuam</strong></span> <span class='ocrx_word' id='word_1_11' title='bbox 1043 308 1168 368; x_wconf 91' lang='lat' dir='ltr'><strong>chorum</strong></span> 
     </span>
     <span class='ocr_line' id='line_1_3' title="bbox 38 390 1167 472; baseline -0.001 -18"><span class='ocrx_word' id='word_1_12' title='bbox 38 448 48 463; x_wconf 82' lang='grc'><strong><em>,</em></strong></span> <span class='ocrx_word' id='word_1_13' title='bbox 89 394 276 472; x_wconf 77' lang='lat' dir='ltr'><strong>excipientes</strong></span> <span class='ocrx_word' id='word_1_14' title='bbox 306 393 460 472; x_wconf 89' lang='lat' dir='ltr'><strong>prodiere;</strong></span> <span class='ocrx_word' id='word_1_15' title='bbox 493 401 523 452; x_wconf 91' lang='lat' dir='ltr'><strong>at</strong></span> <span class='ocrx_word' id='word_1_16' title='bbox 552 394 576 453; x_wconf 93' lang='lat' dir='ltr'><strong>si</strong></span> <span class='ocrx_word' id='word_1_17' title='bbox 607 393 742 472; x_wconf 90' lang='lat' dir='ltr'><strong>personis</strong></span> <span class='ocrx_word' id='word_1_18' title='bbox 772 392 828 452; x_wconf 83' lang='lat' dir='ltr'><strong>ium</strong></span> <span class='ocrx_word' id='word_1_19' title='bbox 858 390 888 453; x_wconf 92' lang='lat' dir='ltr'><strong>in</strong></span> <span class='ocrx_word' id='word_1_20' title='bbox 919 409 1024 453; x_wconf 90' lang='lat' dir='ltr'><strong>scaena</strong></span> <span class='ocrx_word' id='word_1_21' title='bbox 1054 394 1167 470; x_wconf 86' lang='lat' dir='ltr'><strong>agenti-</strong></span> 
     </span>
     <span class='ocr_line' id='line_1_4' title="bbox 88 477 1168 556; baseline 0 -18"><span class='ocrx_word' id='word_1_22' title='bbox 88 477 146 538; x_wconf 88' lang='lat' dir='ltr'><strong>hus</strong></span> <span class='ocrx_word' id='word_1_23' title='bbox 171 478 394 556; x_wconf 89' lang='lat' dir='ltr'><strong>interloquendi</strong></span> <span class='ocrx_word' id='word_1_24' title='bbox 416 496 504 539; x_wconf 91' lang='lat' dir='ltr'><strong>causa</strong></span> <span class='ocrx_word' id='word_1_25' title='bbox 526 496 599 538; x_wconf 85' lang='lat' dir='ltr'><strong>nova</strong></span> <span class='ocrx_word' id='word_1_26' title='bbox 622 477 887 551; x_wconf 74' lang='lat' dir='ltr'><strong>accedit-necesse</strong></span> <span class='ocrx_word' id='word_1_27' title='bbox 909 483 954 536; x_wconf 91' lang='lat' dir='ltr'><strong>est</strong></span> <span class='ocrx_word' id='word_1_28' title='bbox 975 477 1039 538; x_wconf 90' lang='lat' dir='ltr'><strong>eius</strong></span> <span class='ocrx_word' id='word_1_29' title='bbox 1057 495 1168 540; x_wconf 90' lang='lat' dir='ltr'><strong>nomen</strong></span> 
     </span>
     <span class='ocr_line' id='line_1_5' title="bbox 89 561 1167 643; baseline 0 -20"><span class='ocrx_word' id='word_1_30' title='bbox 89 563 268 642; x_wconf 88' lang='lat' dir='ltr'><strong>priusquam</strong></span> <span class='ocrx_word' id='word_1_31' title='bbox 292 574 431 642; x_wconf 82' lang='lat' dir='ltr'><strong>appareat</strong></span> <span class='ocrx_word' id='word_1_32' title='bbox 453 562 673 642; x_wconf 89' lang='lat' dir='ltr'><strong>pronuntietur.</strong></span> <span class='ocrx_word' id='word_1_33' title='bbox 714 581 801 641; x_wconf 87' lang='lat' dir='ltr'><strong>quam</strong></span> <span class='ocrx_word' id='word_1_34' title='bbox 823 561 955 640; x_wconf 88' lang='lat' dir='ltr'><strong>regulam</strong></span> <span class='ocrx_word' id='word_1_35' title='bbox 978 561 1115 643; x_wconf 87' lang='lat' dir='ltr'><strong>imperite</strong></span> <span class='ocrx_word' id='word_1_36' title='bbox 1135 562 1167 623; x_wconf 93' lang='lat' dir='ltr'><strong>in</strong></span> 
     </span>
     <span class='ocr_line' id='line_1_6' title="bbox 88 646 1167 728; baseline 0 -21"><span class='ocrx_word' id='word_1_37' title='bbox 88 652 316 726; x_wconf 80' lang='lat' dir='ltr'><strong>Agamemnone</strong></span> <span class='ocrx_word' id='word_1_38' title='bbox 344 648 513 708; x_wconf 75' lang='lat' dir='ltr'><strong>derelictam</strong></span> <span class='ocrx_word' id='word_1_39' title='bbox 542 647 673 708; x_wconf 84' lang='lat' dir='ltr'><strong>ridemus</strong></span> <span class='ocrx_word' id='word_1_40' title='bbox 701 665 727 710; x_wconf 89' lang='lat' dir='ltr'><strong>v.</strong></span> <span class='ocrx_word' id='word_1_41' title='bbox 751 648 813 710; x_wconf 77' lang='lat'><strong>226</strong></span> <span class='ocrx_word' id='word_1_42' title='bbox 842 646 893 706; x_wconf 92' lang='lat' dir='ltr'><strong>uhi</strong></span> <span class='ocrx_word' id='word_1_43' title='bbox 916 647 1074 725; x_wconf 78' lang='lat' dir='ltr'><strong>Aegisthus</strong></span> <span class='ocrx_word' id='word_1_44' title='bbox 1100 647 1167 728; x_wconf 79' lang='lat' dir='ltr'><strong>cly-</strong></span> 
     </span>
     <span class='ocr_line' id='line_1_7' title="bbox 89 730 1167 812; baseline 0 -19"><span class='ocrx_word' id='word_1_45' title='bbox 89 742 292 794; x_wconf 82' lang='lat' dir='ltr'><strong>taemnestrae</strong></span> <span class='ocrx_word' id='word_1_46' title='bbox 313 745 343 794; x_wconf 91' lang='lat' dir='ltr'><strong>et</strong></span> <span class='ocrx_word' id='word_1_47' title='bbox 365 731 474 793; x_wconf 88' lang='lat' dir='ltr'><strong>nutrici</strong></span> <span class='ocrx_word' id='word_1_48' title='bbox 497 733 640 793; x_wconf 80' lang='lat' dir='ltr'><strong>accedens</strong></span> <span class='ocrx_word' id='word_1_49' title='bbox 655 743 722 792; x_wconf 91' lang='lat' dir='ltr'><strong>octo</strong></span> <span class='ocrx_word' id='word_1_50' title='bbox 737 730 871 812; x_wconf 88' lang='lat' dir='ltr'><strong>versibus</strong></span> <span class='ocrx_word' id='word_1_51' title='bbox 885 730 973 805; x_wconf 79' lang='lat' dir='ltr'><strong>rerba</strong></span> <span class='ocrx_word' id='word_1_52' title='bbox 987 732 1058 792; x_wconf 89' lang='lat' dir='ltr'><strong>lacit</strong></span> <span class='ocrx_word' id='word_1_53' title='bbox 1071 732 1167 794; x_wconf 91' lang='lat' dir='ltr'><strong>inscio</strong></span> 
     </span>
     <span class='ocr_line' id='line_1_8' title="bbox 90 815 1167 896; baseline 0.002 -19"><span class='ocrx_word' id='word_1_54' title='bbox 90 818 228 878; x_wconf 89' lang='lat' dir='ltr'><strong>auditore</strong></span> <span class='ocrx_word' id='word_1_55' title='bbox 251 818 318 896; x_wconf 84' lang='lat' dir='ltr'><strong>quis</strong></span> <span class='ocrx_word' id='word_1_56' title='bbox 332 818 481 895; x_wconf 82' lang='lat' dir='ltr'><strong>loquetur.</strong></span> <span class='ocrx_word' id='word_1_57' title='bbox 510 816 610 879; x_wconf 89' lang='lat' dir='ltr'><strong>minus</strong></span> <span class='ocrx_word' id='word_1_58' title='bbox 625 818 795 895; x_wconf 82' lang='lat' dir='ltr'><strong>importune</strong></span> <span class='ocrx_word' id='word_1_59' title='bbox 810 835 836 875; x_wconf 83' lang='lat' dir='ltr'><strong>r.</strong></span> <span class='ocrx_word' id='word_1_60' title='bbox 847 818 910 878; x_wconf 81' lang='lat'><strong>910</strong></span> <span class='ocrx_word' id='word_1_61' title='bbox 926 815 958 875; x_wconf 92' lang='lat' dir='ltr'><strong>in</strong></span> <span class='ocrx_word' id='word_1_62' title='bbox 973 834 1078 878; x_wconf 80' lang='lat' dir='ltr'><strong>scaena</strong></span> <span class='ocrx_word' id='word_1_63' title='bbox 1094 836 1167 879; x_wconf 91' lang='lat' dir='ltr'><strong>con·</strong></span> 
     </span>
     <span class='ocr_line' id='line_1_9' title="bbox 15 900 1167 981; baseline 0 -18"><span class='ocrx_word' id='word_1_64' title='bbox 15 916 16 963; x_wconf 64' lang='grc' dir='ltr'>ς</span> <span class='ocrx_word' id='word_1_65' title='bbox 90 902 265 963; x_wconf 84' lang='lat' dir='ltr'><strong>citatissima</strong></span> <span class='ocrx_word' id='word_1_66' title='bbox 286 902 388 962; x_wconf 89' lang='lat' dir='ltr'><strong>eodem</strong></span> <span class='ocrx_word' id='word_1_67' title='bbox 410 902 499 963; x_wconf 92' lang='lat' dir='ltr'><strong>modo</strong></span> <span class='ocrx_word' id='word_1_68' title='bbox 515 902 631 964; x_wconf 85' lang='lat' dir='ltr'><strong>Electra</strong></span> <span class='ocrx_word' id='word_1_69' title='bbox 652 900 852 981; x_wconf 88' lang='lat' dir='ltr'><strong>progreditur.</strong></span> <span class='ocrx_word' id='word_1_70' title='bbox 882 900 935 961; x_wconf 89' lang='lat' dir='ltr'><strong>sed</strong></span> <span class='ocrx_word' id='word_1_71' title='bbox 950 901 1030 979; x_wconf 87' lang='lat' dir='ltr'><strong>qood</strong></span> <span class='ocrx_word' id='word_1_72' title='bbox 1044 902 1075 962; x_wconf 91' lang='lat' dir='ltr'><strong>in</strong></span> <span class='ocrx_word' id='word_1_73' title='bbox 1091 903 1167 980; x_wconf 90' lang='lat' dir='ltr'><strong>Aga-</strong></span> 
     </span>
     <span class='ocr_line' id='line_1_10' title="bbox 15 978 1167 1066; baseline 0 -20"><span class='ocrx_word' id='word_1_74' title='bbox 15 978 17 1059; x_wconf 68' lang='lat'><em>}</em></span> <span class='ocrx_word' id='word_1_75' title='bbox 89 1005 254 1047; x_wconf 86' lang='lat' dir='ltr'><strong>memnone</strong></span> <span class='ocrx_word' id='word_1_76' title='bbox 283 987 527 1066; x_wconf 71' lang='lat' dir='ltr'><strong>vituperandum,</strong></span> <span class='ocrx_word' id='word_1_77' title='bbox 556 1006 616 1047; x_wconf 88' lang='lat' dir='ltr'><strong>non</strong></span> <span class='ocrx_word' id='word_1_78' title='bbox 646 988 710 1048; x_wconf 91' lang='lat' dir='ltr'><strong>eius</strong></span> <span class='ocrx_word' id='word_1_79' title='bbox 735 984 850 1046; x_wconf 80' lang='lat' dir='ltr'><strong>fabulae</strong></span> <span class='ocrx_word' id='word_1_80' title='bbox 871 985 1027 1065; x_wconf 90' lang='lat' dir='ltr'><strong>proprium</strong></span> <span class='ocrx_word' id='word_1_81' title='bbox 1050 996 1094 1047; x_wconf 92' lang='lat' dir='ltr'><strong>est</strong></span> <span class='ocrx_word' id='word_1_82' title='bbox 1115 987 1167 1047; x_wconf 91' lang='lat' dir='ltr'><strong>sed</strong></span> 
     </span>
     <span class='ocr_line' id='line_1_11' title="bbox 91 1071 1166 1151; baseline 0 -20"><span class='ocrx_word' id='word_1_83' title='bbox 91 1073 228 1149; x_wconf 82' lang='lat' dir='ltr'><strong>quamvis</strong></span> <span class='ocrx_word' id='word_1_84' title='bbox 249 1091 318 1132; x_wconf 87' lang='lat' dir='ltr'><strong>raro</strong></span> <span class='ocrx_word' id='word_1_85' title='bbox 341 1072 372 1132; x_wconf 91' lang='lat' dir='ltr'><strong>in</strong></span> <span class='ocrx_word' id='word_1_86' title='bbox 395 1072 518 1150; x_wconf 89' lang='lat' dir='ltr'><strong>reliquis</strong></span> <span class='ocrx_word' id='word_1_87' title='bbox 541 1090 661 1151; x_wconf 91' lang='lat' dir='ltr'><strong>quoque</strong></span> <span class='ocrx_word' id='word_1_88' title='bbox 683 1071 799 1131; x_wconf 81' lang='lat' dir='ltr'><strong>obvium</strong></span> <span class='ocrx_word' id='word_1_89' title='bbox 807 1088 815 1145; x_wconf 92' lang='lat'>;</span> <span class='ocrx_word' id='word_1_90' title='bbox 842 1078 930 1150; x_wconf 89' lang='lat' dir='ltr'><strong>atque</strong></span> <span class='ocrx_word' id='word_1_91' title='bbox 952 1089 1077 1150; x_wconf 90' lang='lat' dir='ltr'><strong>prorsus</strong></span> <span class='ocrx_word' id='word_1_92' title='bbox 1100 1072 1166 1150; x_wconf 88' lang='lat' dir='ltr'><strong>qul·</strong></span> 
     </span>
     <span class='ocr_line' id='line_1_12' title="bbox 90 1155 1167 1237; baseline -0.001 -21"><span class='ocrx_word' id='word_1_93' title='bbox 90 1157 157 1217; x_wconf 90' lang='lat' dir='ltr'><strong>dem</strong></span> <span class='ocrx_word' id='word_1_94' title='bbox 181 1156 273 1218; x_wconf 90' lang='lat' dir='ltr'><strong>simili</strong></span> <span class='ocrx_word' id='word_1_95' title='bbox 295 1158 383 1217; x_wconf 90' lang='lat' dir='ltr'><strong>modo</strong></span> <span class='ocrx_word' id='word_1_96' title='bbox 404 1157 436 1216; x_wconf 93' lang='lat' dir='ltr'><strong>in</strong></span> <span class='ocrx_word' id='word_1_97' title='bbox 457 1156 555 1219; x_wconf 84' lang='lat' dir='ltr'><strong>sabula</strong></span> <span class='ocrx_word' id='word_1_98' title='bbox 575 1156 748 1228; x_wconf 85' lang='lat' dir='ltr'><strong>Quintiliani</strong></span> <span class='ocrx_word' id='word_1_99' title='bbox 770 1155 939 1237; x_wconf 85' lang='lat' dir='ltr'><strong>testimonio</strong></span> <span class='ocrx_word' id='word_1_100' title='bbox 961 1155 996 1216; x_wconf 90' lang='lat' dir='ltr'><strong>ah</strong></span> <span class='ocrx_word' id='word_1_101' title='bbox 1020 1155 1167 1218; x_wconf 83' lang='lat' dir='ltr'><strong>arlolstio·</strong></span> 
     </span>
     <span class='ocr_line' id='line_1_13' title="bbox 72 1240 1167 1316; baseline 0.002 -16"><span class='ocrx_word' id='word_1_102' title='bbox 72 1258 74 1264; x_wconf 42' lang='lat'>⁸</span> <span class='ocrx_word' id='word_1_103' title='bbox 92 1241 182 1302; x_wconf 90' lang='lat' dir='ltr'><strong>nibus</strong></span> <span class='ocrx_word' id='word_1_104' title='bbox 204 1241 321 1303; x_wconf 91' lang='lat' dir='ltr'><strong>munita</strong></span> <span class='ocrx_word' id='word_1_105' title='bbox 343 1240 408 1302; x_wconf 91' lang='lat' dir='ltr'><strong>laso</strong></span> <span class='ocrx_word' id='word_1_106' title='bbox 430 1241 549 1302; x_wconf 81' lang='lat' dir='ltr'><strong>Medeae</strong></span> <span class='ocrx_word' id='word_1_107' title='bbox 571 1252 601 1302; x_wconf 92' lang='lat' dir='ltr'><strong>et</strong></span> <span class='ocrx_word' id='word_1_108' title='bbox 622 1240 730 1301; x_wconf 90' lang='lat' dir='ltr'><strong>nutrici</strong></span> <span class='ocrx_word' id='word_1_109' title='bbox 752 1240 864 1302; x_wconf 88' lang='lat' dir='ltr'><strong>accedit</strong></span> <span class='ocrx_word' id='word_1_110' title='bbox 888 1244 927 1316; x_wconf 88' lang='lat' dir='ltr'><strong>(v.</strong></span> <span class='ocrx_word' id='word_1_111' title='bbox 949 1243 1040 1315; x_wconf 83' lang='lat'><strong>431);</strong></span> <span class='ocrx_word' id='word_1_112' title='bbox 1071 1241 1113 1302; x_wconf 91' lang='lat' dir='ltr'><strong>sic</strong></span> <span class='ocrx_word' id='word_1_113' title='bbox 1135 1242 1167 1303; x_wconf 93' lang='lat' dir='ltr'><strong>in</strong></span> 
     </span>
     <span class='ocr_line' id='line_1_14' title="bbox 91 1325 1167 1406; baseline 0.002 -21"><span class='ocrx_word' id='word_1_114' title='bbox 91 1325 208 1406; x_wconf 77' lang='lat' dir='ltr'><strong>Oedipo</strong></span> <span class='ocrx_word' id='word_1_115' title='bbox 233 1345 324 1388; x_wconf 80' lang='lat' dir='ltr'><strong>senex</strong></span> <span class='ocrx_word' id='word_1_116' title='bbox 347 1325 518 1388; x_wconf 85' lang='lat' dir='ltr'><strong>Corinthius</strong></span> <span class='ocrx_word' id='word_1_117' title='bbox 540 1327 619 1405; x_wconf 88' lang='lat' dir='ltr'><strong>regis</strong></span> <span class='ocrx_word' id='word_1_118' title='bbox 641 1335 671 1387; x_wconf 89' lang='lat' dir='ltr'><strong>et</strong></span> <span class='ocrx_word' id='word_1_119' title='bbox 692 1325 811 1404; x_wconf 90' lang='lat' dir='ltr'><strong>reginae</strong></span> <span class='ocrx_word' id='word_1_120' title='bbox 836 1325 1028 1404; x_wconf 89' lang='lat' dir='ltr'><strong>conloquium</strong></span> <span class='ocrx_word' id='word_1_121' title='bbox 1051 1327 1167 1387; x_wconf 90' lang='lat' dir='ltr'><strong>invere-</strong></span> 
     </span>
     <span class='ocr_line' id='line_1_15' title="bbox 90 1409 1216 1491; baseline 0.001 -21"><span class='ocrx_word' id='word_1_122' title='bbox 90 1412 190 1472; x_wconf 89' lang='lat' dir='ltr'><strong>cunde</strong></span> <span class='ocrx_word' id='word_1_123' title='bbox 204 1412 397 1491; x_wconf 88' lang='lat' dir='ltr'><strong>interrumpit</strong></span> <span class='ocrx_word' id='word_1_124' title='bbox 413 1431 450 1472; x_wconf 93' lang='lat' dir='ltr'><strong>ne</strong></span> <span class='ocrx_word' id='word_1_125' title='bbox 465 1412 530 1490; x_wconf 90' lang='lat' dir='ltr'><strong>ipse</strong></span> <span class='ocrx_word' id='word_1_126' title='bbox 546 1411 665 1490; x_wconf 88' lang='lat' dir='ltr'><strong>quidem</strong></span> <span class='ocrx_word' id='word_1_127' title='bbox 680 1410 747 1490; x_wconf 87' lang='lat' dir='ltr'><strong>quis</strong></span> <span class='ocrx_word' id='word_1_128' title='bbox 762 1409 800 1471; x_wconf 92' lang='lat' dir='ltr'><strong>sit</strong></span> <span class='ocrx_word' id='word_1_129' title='bbox 814 1409 948 1472; x_wconf 86' lang='lat' dir='ltr'><strong>indicans</strong></span> <span class='ocrx_word' id='word_1_130' title='bbox 964 1414 1003 1485; x_wconf 82' lang='lat' dir='ltr'><strong>(v.</strong></span> <span class='ocrx_word' id='word_1_131' title='bbox 1017 1412 1107 1485; x_wconf 81' lang='lat'><strong>783);</strong></span> <span class='ocrx_word' id='word_1_132' title='bbox 1123 1411 1167 1472; x_wconf 90' lang='lat' dir='ltr'><strong>sic</strong></span> <span class='ocrx_word' id='word_1_133' title='bbox 1213 1478 1216 1484; x_wconf 26' lang='lat'><strong>¹</strong></span> 
     </span>
     <span class='ocr_line' id='line_1_16' title="bbox 91 1494 1166 1576; baseline 0.002 -22"><span class='ocrx_word' id='word_1_134' title='bbox 91 1494 161 1556; x_wconf 86' lang='lat' dir='ltr'><strong>Tro.</strong></span> <span class='ocrx_word' id='word_1_135' title='bbox 189 1500 251 1559; x_wconf 84' lang='grc'><strong>164</strong></span> <span class='ocrx_word' id='word_1_136' title='bbox 273 1496 460 1576; x_wconf 78' lang='lat' dir='ltr'><strong>Talthybium</strong></span> <span class='ocrx_word' id='word_1_137' title='bbox 489 1497 570 1576; x_wconf 88' lang='lat' dir='ltr'><strong>loqui</strong></span> <span class='ocrx_word' id='word_1_138' title='bbox 599 1515 661 1557; x_wconf 91' lang='lat' dir='ltr'><strong>uno</strong></span> <span class='ocrx_word' id='word_1_139' title='bbox 690 1513 813 1556; x_wconf 88' lang='lat' dir='ltr'><strong>scaenae</strong></span> <span class='ocrx_word' id='word_1_140' title='bbox 835 1494 934 1555; x_wconf 91' lang='lat' dir='ltr'><strong>indice</strong></span> <span class='ocrx_word' id='word_1_141' title='bbox 957 1495 1166 1575; x_wconf 87' lang='lat' dir='ltr'><strong>comperimus,</strong></span> 
     </span>
     <span class='ocr_line' id='line_1_17' title="bbox 15 1580 1166 1669; baseline 0 -29"><span class='ocrx_word' id='word_1_142' title='bbox 15 1648 17 1669; x_wconf 31' lang='lat' dir='ltr'>y</span> <span class='ocrx_word' id='word_1_143' title='bbox 92 1582 184 1640; x_wconf 91' lang='lat' dir='ltr'><strong>choro</strong></span> <span class='ocrx_word' id='word_1_144' title='bbox 208 1601 248 1642; x_wconf 93' lang='lat' dir='ltr'><strong>ne</strong></span> <span class='ocrx_word' id='word_1_145' title='bbox 271 1600 449 1660; x_wconf 89' lang='lat' dir='ltr'><strong>praeconem</strong></span> <span class='ocrx_word' id='word_1_146' title='bbox 471 1582 590 1661; x_wconf 90' lang='lat' dir='ltr'><strong>quidem</strong></span> <span class='ocrx_word' id='word_1_147' title='bbox 612 1581 776 1642; x_wconf 86' lang='lat' dir='ltr'><strong>indicante:</strong></span> <span class='ocrx_word' id='word_1_148' title='bbox 806 1588 840 1638; x_wconf 93' lang='lat' dir='ltr'><strong>ut</strong></span> <span class='ocrx_word' id='word_1_149' title='bbox 865 1598 974 1640; x_wconf 90' lang='lat' dir='ltr'><strong>nomen</strong></span> <span class='ocrx_word' id='word_1_150' title='bbox 997 1580 1024 1640; x_wconf 92' lang='lat' dir='ltr'><strong>ei</strong></span> <span class='ocrx_word' id='word_1_151' title='bbox 1047 1581 1097 1658; x_wconf 91' lang='lat' dir='ltr'><strong>qui</strong></span> <span class='ocrx_word' id='word_1_152' title='bbox 1119 1581 1166 1640; x_wconf 92' lang='lat' dir='ltr'><strong>in·</strong></span> 
     </span>
     <span class='ocr_line' id='line_1_18' title="bbox 15 1662 1166 1745; baseline 0.003 -22"><span class='ocrx_word' id='word_1_153' title='bbox 15 1678 16 1711; x_wconf 55' lang='grc' dir='ltr'><strong>ὲ</strong></span> <span class='ocrx_word' id='word_1_154' title='bbox 92 1665 209 1727; x_wconf 83' lang='lat' dir='ltr'><strong>dicolos</strong></span> <span class='ocrx_word' id='word_1_155' title='bbox 236 1665 376 1745; x_wconf 90' lang='lat' dir='ltr'><strong>apposuit</strong></span> <span class='ocrx_word' id='word_1_156' title='bbox 407 1666 506 1727; x_wconf 91' lang='lat' dir='ltr'><strong>deheri</strong></span> <span class='ocrx_word' id='word_1_157' title='bbox 535 1666 677 1741; x_wconf 88' lang='lat' dir='ltr'><strong>conicias;</strong></span> <span class='ocrx_word' id='word_1_158' title='bbox 707 1664 839 1726; x_wconf 88' lang='lat' dir='ltr'><strong>omnium</strong></span> <span class='ocrx_word' id='word_1_159' title='bbox 869 1682 938 1723; x_wconf 90' lang='lat' dir='ltr'><strong>vero</strong></span> <span class='ocrx_word' id='word_1_160' title='bbox 960 1662 1166 1726; x_wconf 91' lang='lat' dir='ltr'><strong>molestissime</strong></span> 
     </span>
     <span class='ocr_line' id='line_1_19' title="bbox 15 1748 1167 1830; baseline 0 -21"><span class='ocrx_word' id='word_1_161' title='bbox 15 1804 16 1817; x_wconf 16' lang='grc' dir='ltr'>ἶ</span> <span class='ocrx_word' id='word_1_162' title='bbox 93 1749 240 1830; x_wconf 76' lang='lat' dir='ltr'><strong>Talthyhii</strong></span> <span class='ocrx_word' id='word_1_163' title='bbox 264 1751 463 1812; x_wconf 89' lang='lat' dir='ltr'><strong>narrationem</strong></span> <span class='ocrx_word' id='word_1_164' title='bbox 484 1769 511 1810; x_wconf 88' lang='lat' dir='ltr'><strong>v.</strong></span> <span class='ocrx_word' id='word_1_165' title='bbox 527 1753 588 1814; x_wconf 82' lang='lat'><strong>203</strong></span> <span class='ocrx_word' id='word_1_166' title='bbox 605 1750 736 1830; x_wconf 81' lang='lat' dir='ltr'><strong>Pyrrhus</strong></span> <span class='ocrx_word' id='word_1_167' title='bbox 755 1757 783 1810; x_wconf 94' lang='lat' dir='ltr'><strong>et</strong></span> <span class='ocrx_word' id='word_1_168' title='bbox 798 1750 1000 1827; x_wconf 79' lang='lat' dir='ltr'><strong>Agamemnon</strong></span> <span class='ocrx_word' id='word_1_169' title='bbox 1015 1748 1167 1828; x_wconf 83' lang='lat' dir='ltr'><strong>excipiunt</strong></span> 
     </span>
     <span class='ocr_line' id='line_1_20' title="bbox 71 1834 1167 1916; baseline 0.001 -21"><span class='ocrx_word' id='word_1_170' title='bbox 71 1853 147 1895; x_wconf 90' lang='lat' dir='ltr'><strong>nec</strong></span> <span class='ocrx_word' id='word_1_171' title='bbox 171 1835 303 1896; x_wconf 90' lang='lat' dir='ltr'><strong>nuntiati</strong></span> <span class='ocrx_word' id='word_1_172' title='bbox 326 1854 382 1896; x_wconf 91' lang='lat' dir='ltr'><strong>nec</strong></span> <span class='ocrx_word' id='word_1_173' title='bbox 403 1836 439 1896; x_wconf 92' lang='lat' dir='ltr'><strong>de</strong></span> <span class='ocrx_word' id='word_1_174' title='bbox 461 1845 553 1897; x_wconf 88' lang='lat' dir='ltr'><strong>semet</strong></span> <span class='ocrx_word' id='word_1_175' title='bbox 574 1836 648 1916; x_wconf 90' lang='lat' dir='ltr'><strong>ipsis</strong></span> <span class='ocrx_word' id='word_1_176' title='bbox 666 1835 823 1914; x_wconf 90' lang='lat' dir='ltr'><strong>quicquam</strong></span> <span class='ocrx_word' id='word_1_177' title='bbox 838 1841 1005 1907; x_wconf 87' lang='lat' dir='ltr'><strong>mouentes,</strong></span> <span class='ocrx_word' id='word_1_178' title='bbox 1027 1852 1094 1895; x_wconf 91' lang='lat' dir='ltr'><strong>cum</strong></span> <span class='ocrx_word' id='word_1_179' title='bbox 1109 1834 1167 1896; x_wconf 93' lang='lat' dir='ltr'><strong>hoc</strong></span> 
     </span>
    </p>

    <p class='ocr_par' dir='ltr' id='par_1_3' title="bbox 15 1917 1036 1999">
     <span class='ocr_line' id='line_1_21' title="bbox 15 1917 1036 1999; baseline 0.001 -21"><span class='ocrx_word' id='word_1_180' title='bbox 15 1944 16 1947; x_wconf 40' lang='lat'>¹</span> <span class='ocrx_word' id='word_1_181' title='bbox 93 1917 156 1981; x_wconf 90' lang='lat' dir='ltr'><strong>loeo</strong></span> <span class='ocrx_word' id='word_1_182' title='bbox 179 1921 331 1980; x_wconf 90' lang='lat' dir='ltr'><strong>canticum</strong></span> <span class='ocrx_word' id='word_1_183' title='bbox 353 1938 379 1979; x_wconf 88' lang='lat' dir='ltr'><strong>v.</strong></span> <span class='ocrx_word' id='word_1_184' title='bbox 395 1922 456 1983; x_wconf 82' lang='lat'><strong>371</strong></span> <span class='ocrx_word' id='word_1_185' title='bbox 480 1921 625 1983; x_wconf 90' lang='lat' dir='ltr'><strong>insertum</strong></span> <span class='ocrx_word' id='word_1_186' title='bbox 648 1932 748 1999; x_wconf 88' lang='lat' dir='ltr'><strong>aptum</strong></span> <span class='ocrx_word' id='word_1_187' title='bbox 772 1920 870 1980; x_wconf 89' lang='lat' dir='ltr'><strong>locum</strong></span> <span class='ocrx_word' id='word_1_188' title='bbox 892 1918 1036 1980; x_wconf 88' lang='lat' dir='ltr'><strong>hahuerit.</strong></span> 
     </span>
    </p>

    <p class='ocr_par' dir='ltr' id='par_1_4' title="bbox 93 2004 1166 2423">
     <span class='ocr_line' id='line_1_22' title="bbox 176 2004 1166 2085; baseline 0 -19"><span class='ocrx_word' id='word_1_189' title='bbox 176 2015 269 2066; x_wconf 89' lang='lat' dir='ltr'><strong>restat</strong></span> <span class='ocrx_word' id='word_1_190' title='bbox 291 2005 399 2085; x_wconf 81' lang='lat' dir='ltr'><strong>duplex</strong></span> <span class='ocrx_word' id='word_1_191' title='bbox 417 2006 537 2077; x_wconf 88' lang='lat' dir='ltr'><strong>chorus,</strong></span> <span class='ocrx_word' id='word_1_192' title='bbox 561 2005 719 2066; x_wconf 91' lang='lat' dir='ltr'><strong>mulierum</strong></span> <span class='ocrx_word' id='word_1_193' title='bbox 735 2005 906 2082; x_wconf 79' lang='lat' dir='ltr'><strong>Argivorum</strong></span> <span class='ocrx_word' id='word_1_194' title='bbox 925 2004 998 2064; x_wconf 89' lang='lat' dir='ltr'><strong>alter</strong></span> <span class='ocrx_word' id='word_1_195' title='bbox 1011 2006 1084 2065; x_wconf 89' lang='lat' dir='ltr'><strong>alter</strong></span> <span class='ocrx_word' id='word_1_196' title='bbox 1098 2004 1166 2066; x_wconf 90' lang='lat' dir='ltr'><strong>llia·</strong></span> 
     </span>
     <span class='ocr_line' id='line_1_23' title="bbox 93 2088 1166 2170; baseline 0 -20"><span class='ocrx_word' id='word_1_197' title='bbox 93 2089 171 2165; x_wconf 86' lang='lat' dir='ltr'><strong>dum,</strong></span> <span class='ocrx_word' id='word_1_198' title='bbox 197 2108 287 2170; x_wconf 90' lang='lat' dir='ltr'><strong>quem</strong></span> <span class='ocrx_word' id='word_1_199' title='bbox 310 2109 370 2152; x_wconf 92' lang='lat' dir='ltr'><strong>non</strong></span> <span class='ocrx_word' id='word_1_200' title='bbox 394 2098 494 2152; x_wconf 90' lang='lat' dir='ltr'><strong>tuetur</strong></span> <span class='ocrx_word' id='word_1_201' title='bbox 516 2090 635 2169; x_wconf 90' lang='lat' dir='ltr'><strong>quidem</strong></span> <span class='ocrx_word' id='word_1_202' title='bbox 656 2088 793 2150; x_wconf 85' lang='lat' dir='ltr'><strong>Herculis</strong></span> <span class='ocrx_word' id='word_1_203' title='bbox 808 2088 909 2148; x_wconf 83' lang='lat' dir='ltr'><strong>Oetaei</strong></span> <span class='ocrx_word' id='word_1_204' title='bbox 932 2090 1098 2168; x_wconf 84' lang='lat' dir='ltr'><strong>exemplum</strong></span> <span class='ocrx_word' id='word_1_205' title='bbox 1114 2090 1166 2151; x_wconf 85' lang='lat' dir='ltr'><strong>sed</strong></span> 
     </span>
     <span class='ocr_line' id='line_1_24' title="bbox 93 2173 1166 2254; baseline 0.001 -20"><span class='ocrx_word' id='word_1_206' title='bbox 93 2176 162 2236; x_wconf 87' lang='lat' dir='ltr'><strong>satis</strong></span> <span class='ocrx_word' id='word_1_207' title='bbox 185 2183 308 2237; x_wconf 86' lang='lat' dir='ltr'><strong>excusat</strong></span> <span class='ocrx_word' id='word_1_208' title='bbox 329 2177 495 2254; x_wconf 87' lang='lat' dir='ltr'><strong>argumenti</strong></span> <span class='ocrx_word' id='word_1_209' title='bbox 518 2189 638 2236; x_wconf 88' lang='lat' dir='ltr'><strong>natura:</strong></span> <span class='ocrx_word' id='word_1_210' title='bbox 662 2193 730 2235; x_wconf 88' lang='lat' dir='ltr'><strong>nam</strong></span> <span class='ocrx_word' id='word_1_211' title='bbox 747 2194 802 2235; x_wconf 90' lang='lat' dir='ltr'><strong>nec</strong></span> <span class='ocrx_word' id='word_1_212' title='bbox 816 2173 852 2234; x_wconf 91' lang='lat' dir='ltr'><strong>ab</strong></span> <span class='ocrx_word' id='word_1_213' title='bbox 868 2173 951 2233; x_wconf 91' lang='lat' dir='ltr'><strong>initio</strong></span> <span class='ocrx_word' id='word_1_214' title='bbox 967 2173 1068 2235; x_wconf 91' lang='lat' dir='ltr'><strong>induci</strong></span> <span class='ocrx_word' id='word_1_215' title='bbox 1083 2185 1166 2253; x_wconf 91' lang='lat' dir='ltr'><strong>pote·</strong></span> 
     </span>
     <span class='ocr_line' id='line_1_25' title="bbox 93 2259 1165 2340; baseline 0.002 -21"><span class='ocrx_word' id='word_1_216' title='bbox 93 2270 158 2320; x_wconf 91' lang='lat' dir='ltr'><strong>rant</strong></span> <span class='ocrx_word' id='word_1_217' title='bbox 171 2259 279 2321; x_wconf 91' lang='lat' dir='ltr'><strong>lliades</strong></span> <span class='ocrx_word' id='word_1_218' title='bbox 294 2279 350 2320; x_wconf 90' lang='lat' dir='ltr'><strong>nec</strong></span> <span class='ocrx_word' id='word_1_219' title='bbox 364 2269 451 2340; x_wconf 91' lang='lat' dir='ltr'><strong>poeta</strong></span> <span class='ocrx_word' id='word_1_220' title='bbox 467 2260 583 2338; x_wconf 92' lang='lat' dir='ltr'><strong>qualem</strong></span> <span class='ocrx_word' id='word_1_221' title='bbox 599 2260 735 2321; x_wconf 88' lang='lat' dir='ltr'><strong>novimus</strong></span> <span class='ocrx_word' id='word_1_222' title='bbox 750 2259 885 2319; x_wconf 90' lang='lat' dir='ltr'><strong>omittere</strong></span> <span class='ocrx_word' id='word_1_223' title='bbox 899 2259 1023 2319; x_wconf 91' lang='lat' dir='ltr'><strong>chorum</strong></span> <span class='ocrx_word' id='word_1_224' title='bbox 1038 2259 1165 2322; x_wconf 89' lang='lat' dir='ltr'><strong>llehilem</strong></span> 
     </span>
     <span class='ocr_line' id='line_1_26' title="bbox 95 2344 1101 2423; baseline 0.002 -21"><span class='ocrx_word' id='word_1_225' title='bbox 95 2356 123 2405; x_wconf 94' lang='lat' dir='ltr'><strong>et</strong></span> <span class='ocrx_word' id='word_1_226' title='bbox 142 2344 309 2406; x_wconf 89' lang='lat' dir='ltr'><strong>condendis</strong></span> <span class='ocrx_word' id='word_1_227' title='bbox 332 2344 512 2406; x_wconf 88' lang='lat' dir='ltr'><strong>carminibus</strong></span> <span class='ocrx_word' id='word_1_228' title='bbox 535 2365 596 2406; x_wconf 93' lang='lat' dir='ltr'><strong>non</strong></span> <span class='ocrx_word' id='word_1_229' title='bbox 619 2345 746 2405; x_wconf 91' lang='lat' dir='ltr'><strong>multum</strong></span> <span class='ocrx_word' id='word_1_230' title='bbox 769 2344 886 2423; x_wconf 91' lang='lat' dir='ltr'><strong>negotii·</strong></span> <span class='ocrx_word' id='word_1_231' title='bbox 902 2344 1101 2422; x_wconf 90' lang='lat' dir='ltr'><strong>praebentem.</strong></span> 
     </span>
    </p>

    <p class='ocr_par' dir='ltr' id='par_1_5' title="bbox 86 2428 1241 3274">
     <span class='ocr_line' id='line_1_27' title="bbox 177 2428 1165 2509; baseline 0.001 -19"><span class='ocrx_word' id='word_1_232' title='bbox 177 2430 320 2509; x_wconf 89' lang='lat' dir='ltr'><strong>deinceps</strong></span> <span class='ocrx_word' id='word_1_233' title='bbox 341 2439 376 2490; x_wconf 92' lang='lat' dir='ltr'><strong>ut</strong></span> <span class='ocrx_word' id='word_1_234' title='bbox 396 2430 431 2489; x_wconf 82' lang='lat' dir='ltr'><strong>atl</strong></span> <span class='ocrx_word' id='word_1_235' title='bbox 447 2449 481 2491; x_wconf 88' lang='lat' dir='ltr'><strong>ea</strong></span> <span class='ocrx_word' id='word_1_236' title='bbox 497 2432 703 2508; x_wconf 82' lang='lat' dir='ltr'><strong>aggrediamur</strong></span> <span class='ocrx_word' id='word_1_237' title='bbox 718 2448 855 2508; x_wconf 89' lang='lat' dir='ltr'><strong>quaeres</strong></span> <span class='ocrx_word' id='word_1_238' title='bbox 870 2428 1006 2490; x_wconf 89' lang='lat' dir='ltr'><strong>metricas</strong></span> <span class='ocrx_word' id='word_1_239' title='bbox 1021 2440 1165 2509; x_wconf 83' lang='lat' dir='ltr'><strong>spectant,</strong></span> 
     </span>
     <span class='ocr_line' id='line_1_28' title="bbox 96 2512 1241 2594; baseline 0.003 -22"><span class='ocrx_word' id='word_1_240' title='bbox 96 2512 129 2574; x_wconf 92' lang='lat' dir='ltr'><strong>de</strong></span> <span class='ocrx_word' id='word_1_241' title='bbox 142 2514 322 2594; x_wconf 82' lang='lat' dir='ltr'><strong>quibusdam</strong></span> <span class='ocrx_word' id='word_1_242' title='bbox 335 2515 452 2576; x_wconf 91' lang='lat' dir='ltr'><strong>monuit</strong></span> <span class='ocrx_word' id='word_1_243' title='bbox 465 2516 500 2575; x_wconf 86' lang='lat' dir='ltr'><strong>B.</strong></span> <span class='ocrx_word' id='word_1_244' title='bbox 515 2515 706 2590; x_wconf 88' lang='lat' dir='ltr'><strong>Schmidtius‚</strong></span> <span class='ocrx_word' id='word_1_245' title='bbox 730 2525 764 2575; x_wconf 95' lang='lat' dir='ltr'><strong>ut</strong></span> <span class='ocrx_word' id='word_1_246' title='bbox 784 2514 836 2592; x_wconf 88' lang='lat' dir='ltr'><strong>qui</strong></span> <span class='ocrx_word' id='word_1_247' title='bbox 852 2513 955 2574; x_wconf 81' lang='lat' dir='ltr'><strong>viderit</strong></span> <span class='ocrx_word' id='word_1_248' title='bbox 970 2531 1086 2574; x_wconf 90' lang='lat' dir='ltr'><strong>versum</strong></span> <span class='ocrx_word' id='word_1_249' title='bbox 1103 2516 1161 2577; x_wconf 80' lang='lat'><strong>787</strong></span> <span class='ocrx_word' id='word_1_250' title='bbox 1239 2530 1241 2536; x_wconf 66' lang='grc'><strong>“</strong></span> 
     </span>
     <span class='ocr_line' id='line_1_29' title="bbox 86 2598 898 2679; baseline -0.005 -17"><span class='ocrx_word' id='word_1_251' title='bbox 86 2665 89 2669; x_wconf 75' lang='grc'><em>,</em></span> <span class='ocrx_word' id='word_1_252' title='bbox 300 2600 387 2661; x_wconf 76' lang='lat' dir='ltr'><strong>dublo</strong></span> <span class='ocrx_word' id='word_1_253' title='bbox 406 2599 483 2662; x_wconf 85' lang='lat' dir='ltr'><strong>lohet</strong></span> <span class='ocrx_word' id='word_1_254' title='bbox 505 2605 619 2673; x_wconf 72' lang='lat' dir='ltr'><strong>cervice,</strong></span> <span class='ocrx_word' id='word_1_255' title='bbox 641 2599 751 2679; x_wconf 75' lang='lat' dir='ltr'><strong>famuli</strong></span> <span class='ocrx_word' id='word_1_256' title='bbox 771 2598 898 2669; x_wconf 80' lang='lat' dir='ltr'><strong>attollite,</strong></span> 
     </span>
     <span class='ocr_line' id='line_1_30' title="bbox 97 2683 1165 2763; baseline 0.001 -20"><span class='ocrx_word' id='word_1_257' title='bbox 97 2683 172 2761; x_wconf 83' lang='lat' dir='ltr'><strong>qnod</strong></span> <span class='ocrx_word' id='word_1_258' title='bbox 202 2684 240 2744; x_wconf 91' lang='lat' dir='ltr'><strong>ad</strong></span> <span class='ocrx_word' id='word_1_259' title='bbox 268 2684 368 2744; x_wconf 88' lang='lat' dir='ltr'><strong>locum</strong></span> <span class='ocrx_word' id='word_1_260' title='bbox 396 2703 500 2745; x_wconf 83' lang='lat' dir='ltr'><strong>versus</strong></span> <span class='ocrx_word' id='word_1_261' title='bbox 528 2685 632 2746; x_wconf 90' lang='lat' dir='ltr'><strong>attinet</strong></span> <span class='ocrx_word' id='word_1_262' title='bbox 659 2686 690 2745; x_wconf 92' lang='lat' dir='ltr'><strong>in</strong></span> <span class='ocrx_word' id='word_1_263' title='bbox 719 2703 779 2762; x_wconf 92' lang='lat' dir='ltr'><strong>quo</strong></span> <span class='ocrx_word' id='word_1_264' title='bbox 807 2683 991 2763; x_wconf 88' lang='lat' dir='ltr'><strong>anapaestica</strong></span> <span class='ocrx_word' id='word_1_265' title='bbox 1018 2700 1074 2743; x_wconf 81' lang='lat' dir='ltr'><strong>vox</strong></span> <span class='ocrx_word' id='word_1_266' title='bbox 1097 2700 1165 2744; x_wconf 91' lang='lat' dir='ltr'><strong>cum</strong></span> 
     </span>
     <span class='ocr_line' id='line_1_31' title="bbox 96 2767 1165 2849; baseline -0.001 -20"><span class='ocrx_word' id='word_1_267' title='bbox 96 2768 229 2846; x_wconf 82' lang='lat' dir='ltr'><strong>sequenti</strong></span> <span class='ocrx_word' id='word_1_268' title='bbox 245 2768 397 2846; x_wconf 81' lang='lat' dir='ltr'><strong>coaluerit,</strong></span> <span class='ocrx_word' id='word_1_269' title='bbox 412 2770 562 2849; x_wconf 90' lang='lat' dir='ltr'><strong>singulare</strong></span> <span class='ocrx_word' id='word_1_270' title='bbox 577 2770 743 2848; x_wconf 81' lang='lat' dir='ltr'><strong>exemplum</strong></span> <span class='ocrx_word' id='word_1_271' title='bbox 756 2787 820 2829; x_wconf 91' lang='lat' dir='ltr'><strong>esse</strong></span> <span class='ocrx_word' id='word_1_272' title='bbox 833 2771 875 2847; x_wconf 89' lang='lat' dir='ltr'><strong>(p.</strong></span> <span class='ocrx_word' id='word_1_273' title='bbox 892 2769 959 2844; x_wconf 76' lang='lat'><strong>23);</strong></span> <span class='ocrx_word' id='word_1_274' title='bbox 975 2767 1045 2827; x_wconf 90' lang='lat' dir='ltr'><strong>item</strong></span> <span class='ocrx_word' id='word_1_275' title='bbox 1060 2786 1085 2826; x_wconf 92' lang='lat' dir='ltr'><strong>v.</strong></span> <span class='ocrx_word' id='word_1_276' title='bbox 1102 2769 1165 2831; x_wconf 87' lang='grc'><strong>684</strong></span> 
     </span>
     <span class='ocr_line' id='line_1_32' title="bbox 92 2850 1165 2934; baseline -0.003 -20"><span class='ocrx_word' id='word_1_277' title='bbox 92 2853 189 2932; x_wconf 79' lang='lat' dir='ltr'><strong>pelago</strong></span> <span class='ocrx_word' id='word_1_278' title='bbox 211 2855 335 2915; x_wconf 77' lang='lat' dir='ltr'><strong>audaces</strong></span> <span class='ocrx_word' id='word_1_279' title='bbox 356 2854 559 2934; x_wconf 88' lang='lat' dir='ltr'><strong>anapaesticae</strong></span> <span class='ocrx_word' id='word_1_280' title='bbox 581 2855 661 2915; x_wconf 89' lang='lat' dir='ltr'><strong>vocis</strong></span> <span class='ocrx_word' id='word_1_281' title='bbox 682 2854 714 2914; x_wconf 90' lang='lat' dir='ltr'><strong>in</strong></span> <span class='ocrx_word' id='word_1_282' title='bbox 736 2850 869 2914; x_wconf 85' lang='lat' dir='ltr'><strong>versibus</strong></span> <span class='ocrx_word' id='word_1_283' title='bbox 886 2850 1080 2929; x_wconf 89' lang='lat' dir='ltr'><strong>anapaesticis</strong></span> <span class='ocrx_word' id='word_1_284' title='bbox 1097 2869 1165 2911; x_wconf 88' lang='lat' dir='ltr'><strong>coa·</strong></span> 
     </span>
     <span class='ocr_line' id='line_1_33' title="bbox 95 2934 1165 3018; baseline 0.001 -22"><span class='ocrx_word' id='word_1_285' title='bbox 95 2935 231 2999; x_wconf 88' lang='lat' dir='ltr'><strong>lescentis</strong></span> <span class='ocrx_word' id='word_1_286' title='bbox 253 2942 295 3018; x_wconf 84' lang='lat' dir='ltr'><strong>(p.</strong></span> <span class='ocrx_word' id='word_1_287' title='bbox 312 2940 379 3016; x_wconf 82' lang='lat'><strong>28);</strong></span> <span class='ocrx_word' id='word_1_288' title='bbox 402 2948 553 3018; x_wconf 88' lang='lat' dir='ltr'><strong>praeterea</strong></span> <span class='ocrx_word' id='word_1_289' title='bbox 572 2959 607 3000; x_wconf 81' lang='lat' dir='ltr'><strong>ex</strong></span> <span class='ocrx_word' id='word_1_290' title='bbox 622 2940 664 3000; x_wconf 92' lang='lat' dir='ltr'><strong>eis</strong></span> <span class='ocrx_word' id='word_1_291' title='bbox 679 2957 755 3017; x_wconf 88' lang='lat' dir='ltr'><strong>quae</strong></span> <span class='ocrx_word' id='word_1_292' title='bbox 770 2956 798 3016; x_wconf 89' lang='lat' dir='ltr'><strong>p.</strong></span> <span class='ocrx_word' id='word_1_293' title='bbox 816 2939 856 2999; x_wconf 78' lang='lat'><strong>52</strong></span> <span class='ocrx_word' id='word_1_294' title='bbox 871 2935 921 2996; x_wconf 89' lang='lat' dir='ltr'><strong>ille</strong></span> <span class='ocrx_word' id='word_1_295' title='bbox 936 2934 1104 3013; x_wconf 90' lang='lat' dir='ltr'><strong>composuit</strong></span> <span class='ocrx_word' id='word_1_296' title='bbox 1118 2954 1165 2997; x_wconf 91' lang='lat' dir='ltr'><strong>se-</strong></span> 
     </span>
     <span class='ocr_line' id='line_1_34' title="bbox 96 3020 1165 3103; baseline -0.001 -20"><span class='ocrx_word' id='word_1_297' title='bbox 96 3021 193 3099; x_wconf 88' lang='lat' dir='ltr'><strong>qnitur</strong></span> <span class='ocrx_word' id='word_1_298' title='bbox 214 3023 247 3083; x_wconf 93' lang='lat' dir='ltr'><strong>in</strong></span> <span class='ocrx_word' id='word_1_299' title='bbox 263 3024 484 3101; x_wconf 87' lang='lat' dir='ltr'><strong>Agamemnone</strong></span> <span class='ocrx_word' id='word_1_300' title='bbox 505 3024 568 3084; x_wconf 91' lang='lat' dir='ltr'><strong>sola</strong></span> <span class='ocrx_word' id='word_1_301' title='bbox 590 3032 782 3103; x_wconf 87' lang='lat' dir='ltr'><strong>anapaestum</strong></span> <span class='ocrx_word' id='word_1_302' title='bbox 800 3022 831 3082; x_wconf 92' lang='lat' dir='ltr'><strong>in</strong></span> <span class='ocrx_word' id='word_1_303' title='bbox 849 3020 973 3082; x_wconf 89' lang='lat' dir='ltr'><strong>trimetri</strong></span> <span class='ocrx_word' id='word_1_304' title='bbox 987 3021 1075 3081; x_wconf 89' lang='lat' dir='ltr'><strong>tertio</strong></span> <span class='ocrx_word' id='word_1_305' title='bbox 1090 3020 1165 3100; x_wconf 89' lang='lat' dir='ltr'><strong>pede</strong></span> 
     </span>
     <span class='ocr_line' id='line_1_35' title="bbox 97 3105 1165 3188; baseline 0.002 -22"><span class='ocrx_word' id='word_1_306' title='bbox 97 3124 154 3168; x_wconf 90' lang='lat' dir='ltr'><strong>non</strong></span> <span class='ocrx_word' id='word_1_307' title='bbox 176 3107 339 3169; x_wconf 90' lang='lat' dir='ltr'><strong>admissum</strong></span> <span class='ocrx_word' id='word_1_308' title='bbox 361 3126 441 3183; x_wconf 90' lang='lat' dir='ltr'><strong>esse;</strong></span> <span class='ocrx_word' id='word_1_309' title='bbox 465 3109 595 3188; x_wconf 89' lang='lat' dir='ltr'><strong>deniqne</strong></span> <span class='ocrx_word' id='word_1_310' title='bbox 616 3118 696 3170; x_wconf 88' lang='lat' dir='ltr'><strong>recte</strong></span> <span class='ocrx_word' id='word_1_311' title='bbox 718 3108 789 3169; x_wconf 87' lang='lat' dir='ltr'><strong>dicit</strong></span> <span class='ocrx_word' id='word_1_312' title='bbox 810 3109 922 3187; x_wconf 64' lang='lat' dir='ltr'><strong>(pho)</strong></span> <span class='ocrx_word' id='word_1_313' title='bbox 936 3105 1086 3185; x_wconf 88' lang='lat' dir='ltr'><strong>singulare</strong></span> <span class='ocrx_word' id='word_1_314' title='bbox 1100 3125 1165 3170; x_wconf 88' lang='lat' dir='ltr'><strong>esse</strong></span> 
     </span>
     <span class='ocr_line' id='line_1_36' title="bbox 98 3191 1129 3274; baseline 0 -22"><span class='ocrx_word' id='word_1_315' title='bbox 98 3192 172 3269; x_wconf 81' lang='lat' dir='ltr'><strong>quod</strong></span> <span class='ocrx_word' id='word_1_316' title='bbox 193 3212 220 3251; x_wconf 84' lang='lat' dir='ltr'><strong>r.</strong></span> <span class='ocrx_word' id='word_1_317' title='bbox 239 3196 301 3257; x_wconf 83' lang='lat'><strong>784</strong></span> <span class='ocrx_word' id='word_1_318' title='bbox 323 3194 502 3272; x_wconf 78' lang='lat' dir='ltr'><strong>synaloephe</strong></span> <span class='ocrx_word' id='word_1_319' title='bbox 523 3194 555 3254; x_wconf 91' lang='lat' dir='ltr'><strong>in</strong></span> <span class='ocrx_word' id='word_1_320' title='bbox 578 3194 715 3274; x_wconf 88' lang='lat' dir='ltr'><strong>personis</strong></span> <span class='ocrx_word' id='word_1_321' title='bbox 736 3192 885 3254; x_wconf 87' lang='lat' dir='ltr'><strong>mutandis</strong></span> <span class='ocrx_word' id='word_1_322' title='bbox 906 3191 1004 3252; x_wconf 88' lang='lat' dir='ltr'><strong>locum</strong></span> <span class='ocrx_word' id='word_1_323' title='bbox 1026 3192 1129 3254; x_wconf 87' lang='lat' dir='ltr'><strong>hahet:</strong></span> 
     </span>
    </p>

    <p class='ocr_par' dir='ltr' id='par_1_6' title="bbox 97 3276 1165 3528">
     <span class='ocr_line' id='line_1_37' title="bbox 179 3276 1046 3356; baseline -0.001 -18"><span class='ocrx_word' id='word_1_324' title='bbox 179 3281 233 3356; x_wconf 87' lang='lat' dir='ltr'><strong>Ag.</strong></span> <span class='ocrx_word' id='word_1_325' title='bbox 249 3280 340 3340; x_wconf 82' lang='lat' dir='ltr'><strong>credie</strong></span> <span class='ocrx_word' id='word_1_326' title='bbox 360 3276 620 3342; x_wconf 67' lang='lat' dir='ltr'><strong>videreuidere?</strong></span> <span class='ocrx_word' id='word_1_327' title='bbox 654 3277 732 3340; x_wconf 80' lang='lat' dir='ltr'><strong>Cass.</strong></span> <span class='ocrx_word' id='word_1_328' title='bbox 751 3291 776 3339; x_wconf 86' lang='lat' dir='ltr'><strong>et</strong></span> <span class='ocrx_word' id='word_1_329' title='bbox 792 3276 945 3338; x_wconf 78' lang='lat' dir='ltr'><strong>Priamum</strong></span> <span class='ocrx_word' id='word_1_330' title='bbox 958 3276 1046 3338; x_wconf 79' lang='lat' dir='ltr'><strong>simul</strong></span> 
     </span>
     <span class='ocr_line' id='line_1_38' title="bbox 97 3360 1165 3441; baseline -0.001 -19"><span class='ocrx_word' id='word_1_331' title='bbox 97 3380 181 3439; x_wconf 90' lang='lat' dir='ltr'><strong>qnam</strong></span> <span class='ocrx_word' id='word_1_332' title='bbox 209 3364 345 3424; x_wconf 80' lang='lat' dir='ltr'><strong>excusari</strong></span> <span class='ocrx_word' id='word_1_333' title='bbox 372 3363 521 3424; x_wconf 90' lang='lat' dir='ltr'><strong>licentiam</strong></span> <span class='ocrx_word' id='word_1_334' title='bbox 549 3382 654 3441; x_wconf 86' lang='lat' dir='ltr'><strong>graeco</strong></span> <span class='ocrx_word' id='word_1_335' title='bbox 680 3363 801 3424; x_wconf 90' lang='lat' dir='ltr'><strong>nomine</strong></span> <span class='ocrx_word' id='word_1_336' title='bbox 822 3362 871 3423; x_wconf 92' lang='lat' dir='ltr'><strong>alii</strong></span> <span class='ocrx_word' id='word_1_337' title='bbox 892 3361 1030 3422; x_wconf 86' lang='lat' dir='ltr'><strong>viderunt</strong></span> <span class='ocrx_word' id='word_1_338' title='bbox 1050 3372 1080 3421; x_wconf 89' lang='lat' dir='ltr'><strong>et</strong></span> <span class='ocrx_word' id='word_1_339' title='bbox 1101 3360 1165 3440; x_wconf 90' lang='lat' dir='ltr'><strong>ipse</strong></span> 
     </span>
     <span class='ocr_line' id='line_1_39' title="bbox 97 3447 483 3528; baseline 0.005 -22"><span class='ocrx_word' id='word_1_340' title='bbox 97 3447 196 3508; x_wconf 91' lang='lat' dir='ltr'><strong>monui</strong></span> <span class='ocrx_word' id='word_1_341' title='bbox 218 3467 289 3528; x_wconf 82' lang='lat' dir='ltr'><strong>sp.</strong></span> <span class='ocrx_word' id='word_1_342' title='bbox 306 3451 347 3510; x_wconf 84' lang='lat'><strong>59</strong></span> <span class='ocrx_word' id='word_1_343' title='bbox 369 3450 436 3509; x_wconf 90' lang='lat' dir='ltr'><strong>adn.</strong></span> <span class='ocrx_word' id='word_1_344' title='bbox 454 3449 483 3511; x_wconf 87' lang='lat'><strong>8.</strong></span> 
     </span>
    </p>

    <p class='ocr_par' dir='ltr' id='par_1_7' title="bbox 15 3528 1165 3953">
     <span class='ocr_line' id='line_1_40' title="bbox 179 3528 1164 3612; baseline -0.002 -20"><span class='ocrx_word' id='word_1_345' title='bbox 179 3533 232 3593; x_wconf 91' lang='lat' dir='ltr'><strong>sed</strong></span> <span class='ocrx_word' id='word_1_346' title='bbox 252 3533 348 3594; x_wconf 85' lang='lat' dir='ltr'><strong>multo</strong></span> <span class='ocrx_word' id='word_1_347' title='bbox 371 3532 518 3612; x_wconf 83' lang='lat' dir='ltr'><strong>graviores</strong></span> <span class='ocrx_word' id='word_1_348' title='bbox 540 3532 692 3595; x_wconf 84' lang='lat' dir='ltr'><strong>dubitandi</strong></span> <span class='ocrx_word' id='word_1_349' title='bbox 713 3551 816 3593; x_wconf 89' lang='lat' dir='ltr'><strong>causas</strong></span> <span class='ocrx_word' id='word_1_350' title='bbox 838 3550 854 3592; x_wconf 88' lang='lat' dir='ltr'><strong>e</strong></span> <span class='ocrx_word' id='word_1_351' title='bbox 877 3528 998 3592; x_wconf 89' lang='lat' dir='ltr'><strong>canticis</strong></span> <span class='ocrx_word' id='word_1_352' title='bbox 1015 3529 1070 3590; x_wconf 86' lang='lat' dir='ltr'><strong>viri</strong></span> <span class='ocrx_word' id='word_1_353' title='bbox 1086 3529 1164 3590; x_wconf 91' lang='lat' dir='ltr'><strong>docti</strong></span> 
     </span>
     <span class='ocr_line' id='line_1_41' title="bbox 15 3608 1165 3697; baseline -0.003 -20"><span class='ocrx_word' id='word_1_354' title='bbox 15 3608 17 3629; x_wconf 77' lang='lat'><em>&#39;</em></span> <span class='ocrx_word' id='word_1_355' title='bbox 98 3634 258 3696; x_wconf 89' lang='lat' dir='ltr'><strong>sumpsere.</strong></span> <span class='ocrx_word' id='word_1_356' title='bbox 288 3618 320 3678; x_wconf 93' lang='lat' dir='ltr'><strong>in</strong></span> <span class='ocrx_word' id='word_1_357' title='bbox 344 3619 452 3697; x_wconf 88' lang='lat' dir='ltr'><strong>quihus</strong></span> <span class='ocrx_word' id='word_1_358' title='bbox 474 3628 546 3680; x_wconf 91' lang='lat' dir='ltr'><strong>sunt</strong></span> <span class='ocrx_word' id='word_1_359' title='bbox 567 3637 643 3697; x_wconf 90' lang='lat' dir='ltr'><strong>qnae</strong></span> <span class='ocrx_word' id='word_1_360' title='bbox 664 3636 680 3679; x_wconf 91' lang='lat' dir='ltr'><strong>a</strong></span> <span class='ocrx_word' id='word_1_361' title='bbox 702 3617 884 3697; x_wconf 87' lang='lat' dir='ltr'><strong>reliquarum</strong></span> <span class='ocrx_word' id='word_1_362' title='bbox 906 3615 1070 3676; x_wconf 91' lang='lat' dir='ltr'><strong>lahularum</strong></span> <span class='ocrx_word' id='word_1_363' title='bbox 1092 3631 1165 3674; x_wconf 88' lang='lat' dir='ltr'><strong>con·</strong></span> 
     </span>
     <span class='ocr_line' id='line_1_42' title="bbox 97 3699 1165 3783; baseline 0 -23"><span class='ocrx_word' id='word_1_364' title='bbox 97 3702 250 3765; x_wconf 88' lang='lat' dir='ltr'><strong>suetudine</strong></span> <span class='ocrx_word' id='word_1_365' title='bbox 272 3703 441 3783; x_wconf 89' lang='lat' dir='ltr'><strong>discrepent</strong></span> <span class='ocrx_word' id='word_1_366' title='bbox 464 3722 519 3764; x_wconf 92' lang='lat' dir='ltr'><strong>nec</strong></span> <span class='ocrx_word' id='word_1_367' title='bbox 542 3722 634 3782; x_wconf 91' lang='lat' dir='ltr'><strong>pauca</strong></span> <span class='ocrx_word' id='word_1_368' title='bbox 657 3721 713 3764; x_wconf 88' lang='lat' dir='ltr'><strong>nec</strong></span> <span class='ocrx_word' id='word_1_369' title='bbox 733 3702 816 3763; x_wconf 81' lang='lat' dir='ltr'><strong>levia.</strong></span> <span class='ocrx_word' id='word_1_370' title='bbox 847 3719 887 3762; x_wconf 90' lang='lat' dir='ltr'><strong>-ac</strong></span> <span class='ocrx_word' id='word_1_371' title='bbox 902 3700 1030 3781; x_wconf 88' lang='lat' dir='ltr'><strong>primum</strong></span> <span class='ocrx_word' id='word_1_372' title='bbox 1046 3699 1165 3778; x_wconf 90' lang='lat' dir='ltr'><strong>quidem</strong></span> 
     </span>
     <span class='ocr_line' id='line_1_43' title="bbox 97 3783 1165 3868; baseline 0.002 -24"><span class='ocrx_word' id='word_1_373' title='bbox 97 3783 125 3847; x_wconf 90' lang='lat' dir='ltr'><strong>in</strong></span> <span class='ocrx_word' id='word_1_374' title='bbox 140 3788 363 3865; x_wconf 87' lang='lat' dir='ltr'><strong>Agamemnone</strong></span> <span class='ocrx_word' id='word_1_375' title='bbox 385 3798 502 3867; x_wconf 90' lang='lat' dir='ltr'><strong>praeter</strong></span> <span class='ocrx_word' id='word_1_376' title='bbox 523 3798 697 3868; x_wconf 88' lang='lat' dir='ltr'><strong>anapaestos</strong></span> <span class='ocrx_word' id='word_1_377' title='bbox 719 3796 747 3848; x_wconf 92' lang='lat' dir='ltr'><strong>et</strong></span> <span class='ocrx_word' id='word_1_378' title='bbox 767 3787 927 3847; x_wconf 81' lang='lat' dir='ltr'><strong>mixtorum</strong></span> <span class='ocrx_word' id='word_1_379' title='bbox 942 3787 1088 3865; x_wconf 88' lang='lat' dir='ltr'><strong>quandam</strong></span> <span class='ocrx_word' id='word_1_380' title='bbox 1102 3804 1165 3847; x_wconf 90' lang='lat' dir='ltr'><strong>me·</strong></span> 
     </span>
     <span class='ocr_line' id='line_1_44' title="bbox 97 3871 1165 3953; baseline 0.002 -23"><span class='ocrx_word' id='word_1_381' title='bbox 97 3877 209 3931; x_wconf 91' lang='lat' dir='ltr'><strong>trorum</strong></span> <span class='ocrx_word' id='word_1_382' title='bbox 232 3873 400 3952; x_wconf 86' lang='lat' dir='ltr'><strong>congeriem</strong></span> <span class='ocrx_word' id='word_1_383' title='bbox 422 3873 623 3953; x_wconf 88' lang='lat' dir='ltr'><strong>iambicosque</strong></span> <span class='ocrx_word' id='word_1_384' title='bbox 645 3872 785 3934; x_wconf 89' lang='lat' dir='ltr'><strong>dimetros</strong></span> <span class='ocrx_word' id='word_1_385' title='bbox 807 3889 823 3931; x_wconf 89' lang='lat' dir='ltr'><strong>a</strong></span> <span class='ocrx_word' id='word_1_386' title='bbox 846 3871 1006 3933; x_wconf 85' lang='lat' dir='ltr'><strong>Cassandra</strong></span> <span class='ocrx_word' id='word_1_387' title='bbox 1029 3889 1165 3950; x_wconf 91' lang='lat' dir='ltr'><strong>pronun·</strong></span> 
     </span>
    </p>
   </div>
   <div class='ocr_carea' id='block_1_3' title="bbox 144 3974 962 4030">
    <p class='ocr_par' dir='ltr' id='par_1_8' title="bbox 144 3974 962 4030">
     <span class='ocr_line' id='line_1_45' title="bbox 144 3974 962 4030; baseline 0.001 -10"><span class='ocrx_word' id='word_1_388' title='bbox 144 3978 189 4020; x_wconf 80' lang='lat' dir='ltr'><strong>Leo</strong></span> <span class='ocrx_word' id='word_1_389' title='bbox 202 3979 230 4021; x_wconf 84' lang='lat' dir='ltr'><strong>tle</strong></span> <span class='ocrx_word' id='word_1_390' title='bbox 242 3981 335 4023; x_wconf 76' lang='lat' dir='ltr'><strong>Senecee</strong></span> <span class='ocrx_word' id='word_1_391' title='bbox 349 3981 475 4030; x_wconf 69' lang='lat' dir='ltr'><strong>tragoediis.</strong></span> <span class='ocrx_word' id='word_1_392' title='bbox 948 3974 962 4021; x_wconf 79' lang='lat'><strong>7</strong></span> 
     </span>
    </p>
   </div>
   <div class='ocr_carea' id='block_1_4' title="bbox 0 0 1355 4482">
    <p class='ocr_par' dir='ltr' id='par_1_9' title="bbox 0 0 1355 4482">
     <span class='ocr_line' id='line_1_46' title="bbox 0 0 1355 4482; baseline 0 0"><span class='ocrx_word' id='word_1_393' title='bbox 0 0 1355 4482; x_wconf 95' lang='lat' dir='ltr'><strong> </strong></span> 
     </span>
    </p>
   </div>
  </div>
 </body>
</html>
