2686 4482
169 116 212 180 98
570 131 607 174 nn
629 131 833 175 sotueuuoun.

170 285 257 347 tiatos
280 283 395 345 nullum
409 290 572 344 metrorum
587 300 682 362 genus
696 289 856 363 comparet,
880 301 947 344 cum
964 281 1147 361 reliquarum
1161 282 1249 345 nulla

1320 142 1322 193 l

170 368 286 433 cantico
308 367 426 430 aeolicis
448 366 580 428 numeris
603 368 766 463 composite
794 377 900 429 careat.
944 367 975 427 iu
998 366 1116 428 Octavia
1141 375 1248 428 autem
1322 420 1323 429 ,

171 455 268 516 omnia
296 461 459 515 metrorum
488 453 610 515 varietas
639 452 780 514 trimetris
813 463 843 514 et
874 452 1042 532 anapaestis
1070 450 1323 515 absolvimus

171 547 260 619 atque
290 538 326 600 de
355 539 527 618 polymetris
556 538 620 599 istis
646 537 827 599 carminibus
849 538 926 599 inira
949 536 1221 618 disputabimus;
1212 557 1247 599 ιιι

169 622 335 704 anapaestis
357 641 405 684 res
426 623 620 684 observantur
641 623 715 683 duae
737 641 754 683 a
775 622 906 684 Senecae
928 622 1086 701 tragoediis
1109 630 1249 684 ceterum

171 708 299 771 alienae:
333 726 459 787 quarum
489 706 578 770 altera
607 707 638 767 iu
664 707 745 769 hiatu
777 707 822 768 vel
844 707 953 786 syllaba
974 707 1095 786 ancipiti
1119 706 1248 768 liberius
1323 744 1324 775 r

171 793 306 856 admissis
319 794 374 863 sita
387 801 443 866 est,
465 792 555 854 altera
570 792 601 852 iu
617 792 751 854 dimetris
765 791 1017 870 monometrisque
1037 791 1246 866 discribandis,
1323 792 1324 795 ’

171 898 247 958 quae
276 878 308 939 in
336 897 397 939 uuo
426 876 560 939 etribns
582 877 705 937 canticis
727 896 792 938 sese
815 875 936 938 alternis
961 876 1122 956 excipiunt.
1166 895 1246 955 quae

170 964 275 1042 utique
297 963 457 1025 coniuncte
478 962 627 1023 mactanda
650 980 714 1022 esse
742 980 812 1023 mos
835 961 1009 1023 videbimus.
1053 961 1247 1042 disputarant

170 1056 269 1111 autem
291 1048 328 1108 de
350 1055 576 1142 anapaestorum
598 1046 813 1126 compositione
834 1046 869 1106 B
891 1046 1071 1108 Schmidtius
1094 1065 1123 1126 p.
1140 1047 1182 1108 59
1198 1065 1245 1125 sq

172 1143 202 1194 et
215 1132 401 1195 Richterus
393 1150 424 1191 vn
440 1129 624 1193 Fleckeiseui
638 1132 794 1193 annalibus
812 1133 892 1195 1869
913 1150 941 1210 p.
959 1133 1021 1195 780
1035 1149 1091 1211 sq,
1114 1148 1246 1212 quorum

171 1235 240 1280 cum
269 1216 318 1277 ille
346 1208 436 1277 locos
458 1216 613 1293 diligenter
641 1216 859 1314 composuerit,
889 1217 1025 1277 relictum
1050 1223 1149 1277 mmen
1170 1216 1246 1276 mihi

170 1302 325 1398 negotium
346 1301 430 1362 video
452 1301 528 1363 hanc
550 1301 753 1381 quaestionem
775 1320 811 1362 er
831 1302 948 1380 integre
970 1300 1113 1362 tractandi
1135 1301 1245 1380 utqui

170 1386 297 1449 rectiora
318 1385 368 1447 hic
389 1385 450 1447 illic
470 1386 607 1465 prolerre
627 1394 658 1447 et
679 1386 715 1448 de
738 1385 912 1465 quibusdam
935 1404 971 1446 ex
992 1384 1173 1447 accuratiore
1192 1404 1245 1446 oo·

171 1472 270 1534 dicum
293 1471 397 1533 aetitia
419 1472 529 1533 certius
551 1470 681 1533 iudicare
703 1489 792 1550 posse
814 1470 886 1532 mihi
907 1470 1014 1532 videar.

256 1723 365 1787 Notum
395 1730 440 1786 est
466 1723 634 1786 Bentleium
662 1724 848 1799 observasse,
884 1722 1065 1785 Graecorum
1097 1723 1157 1802 legi
1187 1742 1246 1803 qua

171 1810 321 1890 anapaesti
343 1827 404 1870 uuo
427 1815 532 1870 tenere
555 1809 713 1871 decurrant
734 1809 830 1870 donec
851 1809 882 1870 in
898 1808 1083 1888 paroemiaco
1098 1808 1245 1884 desinant,

171 1896 314 1956 Senecam
336 1911 465 1971 quoque,
488 1894 543 1956 etsi
564 1893 781 1974 paroemiacum
797 1892 984 1973 ignoraverit,
1006 1913 1039 1955 se
1053 1893 1246 1955 adstrinxisse

171 1997 270 2057 neque
292 1978 444 2040 admisisse
461 1978 601 2057 syllabam
617 1979 774 2058 ancipitem
788 1979 935 2041 hiatumre
950 1987 1017 2041 ante
1032 1980 1122 2040 finem
1136 1997 1245 2040 sensus

170 2064 229 2126 uisi
257 2063 415 2126 rarissime.
460 2062 600 2125 nimirum
628 2072 728 2125 extant
756 2063 820 2125 eius
848 2064 1000 2139 licentiae,
1031 2064 1056 2125 si
1077 2073 1157 2126 certa
1178 2072 1245 2125 tan·

170 2159 234 2211 tum
257 2166 457 2224 numeramus,
481 2148 511 2210 in
533 2156 646 2228 septem
668 2148 819 2229 prioribus
842 2148 950 2210 tabulis
972 2149 1105 2228 exempla
1124 2148 1244 2209 circiter

171 2233 309 2308 sedecim,
332 2233 362 2295 in
386 2235 606 2312 Agamemnone
627 2233 775 2309 undecim,
797 2234 828 2295 iu
851 2233 978 2296 Hercule
999 2234 1109 2296 Oetaeo
1131 2234 1244 2307 decem,

171 2319 203 2379 in
226 2318 344 2379 Octavia
372 2318 581 2397 duodeviginti.
625 2318 662 2379 ab
693 2318 831 2380 omnibus
859 2336 928 2380 vero
954 2327 1072 2398 praeter
1094 2318 1245 2380 Octaviam

170 2405 352 2482 Agamemno
381 2403 493 2463 recedit
520 2421 555 2463 eo
580 2404 661 2482 quod
682 2412 729 2465 ter
749 2411 818 2465 aute
838 2403 929 2466 finem
950 2422 1056 2466 seusus
1077 2402 1190 2465 hiatum
1214 2403 1245 2463 iu

94 2518 97 2521 ¹
170 2486 278 2566 syllaba
308 2486 430 2567 ancipiti
457 2487 596 2561 admittit,
624 2489 654 2550 id
682 2490 763 2568 quod
792 2496 906 2550 ceterae
928 2506 967 2549 ue
989 2488 1021 2548 in
1042 2490 1103 2550 tine
1124 2487 1245 2567 quidem

171 2572 334 2634 sententiae
356 2572 412 2632 sibi
435 2574 606 2635 concedunt
627 2575 694 2651 (Ag.
717 2575 769 2636 79.
793 2575 864 2637 646.
888 2575 974 2648 652).

257 2655 389 2737 exempla
416 2657 507 2735 igitur
534 2657 655 2719 violatae
684 2657 860 2738 synaphiae,
888 2656 1020 2736 quamvis
1050 2675 1144 2737 pauca
1173 2656 1244 2732 sint,

171 2741 324 2804 sufficiunt
347 2752 443 2804 tamen
465 2744 500 2803 ad
523 2743 787 2805 demonstrandum
808 2761 869 2805 uon
884 2761 1015 2804 severam
1030 2741 1085 2804 sibi
1100 2741 1245 2803 Senecam

170 2827 423 2889 conectendorum
438 2836 664 2906 anapaestorum
680 2846 814 2889 normam
824 2827 988 2908 scripsisse.
1011 2845 1071 2906 quo
1083 2826 1246 2888 lluellcrns

170 2911 310 2973 inductus
338 2921 399 2987 est,
428 2920 462 2973 ut
490 2914 602 2974 cantica
624 2913 809 2991 anapaestico
831 2912 902 2974 solis
923 2911 1117 2974 monometris
1137 2911 1245 2972 discri-

169 2994 267 3058 beuda
289 3013 354 3058 esse
376 3003 521 3058 censeret.
554 2996 723 3058 hanovere
745 3016 806 3059 non
828 2998 974 3058 minorem
997 2996 1131 3058 existimo
1151 2996 1245 3057 auda·

170 3080 245 3142 ciam
268 3098 332 3143 esse
354 3098 441 3159 quam
465 3099 523 3159 qua
545 3080 696 3143 novissimi
718 3081 846 3143 editores
868 3083 1005 3162 strophas
1033 3099 1102 3143 suas
1131 3081 1244 3141 consti-

169 3171 270 3226 tuere:
308 3165 453 3243 siquidem
483 3183 621 3227 versuum
649 3167 804 3246 dispositio
831 3167 995 3245 antiquitus
1021 3165 1125 3227 tradita
1147 3174 1194 3226 est
1216 3174 1245 3226 et

169 3249 215 3309 vel
230 3248 352 3311 mirifica
367 3251 492 3329 quadam
507 3251 663 3313 tenacitate
678 3252 790 3330 ubique
805 3269 823 3312 a
839 3251 967 3313 librariis
984 3258 1105 3313 servata.
1134 3268 1245 3330 nempe

169 3333 331 3396 Muellerus
353 3335 432 3396 unde
455 3343 639 3415 compertum
661 3335 777 3413 habeat,
801 3337 881 3415 qued
903 3336 1062 3398 identidem
1083 3333 1243 3414 praedicat,

169 3436 308 3481 versuum
338 3420 562 3500 dispositionem
591 3421 623 3481 in
646 3420 752 3501 priscis
776 3439 851 3500 quae
872 3420 946 3501 ipsis
967 3421 1146 3501 scriptorum
1166 3429 1244 3482 tem·

168 3504 293 3584 poribus
313 3504 426 3568 luerint
447 3504 673 3585 exemplaribus·
680 3505 791 3568 nullam
807 3505 937 3568 extitisse
952 3505 1076 3580 nescio:
1092 3505 1155 3566 scio
1171 3523 1244 3565 con·

168 3589 291 3651 trarium
313 3606 415 3652 rerum
437 3609 511 3654 esse.
549 3590 647 3670 itaque
668 3591 699 3653 iu
722 3590 770 3652 his
793 3609 912 3670 quoque
935 3589 1131 3665 carminibus,
1157 3596 1191 3650 ut
1212 3589 1244 3650 in

168 3680 323 3754 poetarum
344 3675 505 3738 latinorum
534 3675 687 3751 omuibus,
716 3675 767 3738 ubi
797 3676 833 3738 de
859 3676 934 3738 colis
962 3674 1135 3737 ordinandis
1156 3673 1244 3735 dubi-

167 3758 239 3904 dano
262 3760 356 3822 oritur
376 3761 623 3842 proficiscendum
645 3762 722 3824 duco
743 3780 760 3823 a
777 3779 917 3824 versuum
934 3762 965 3823 iu
980 3760 1068 3822 benis
1091 3758 1244 3822 codicibus

188 3843 371 3924 iscriptione.
