2686 4482
275 222 281 229 ’
381 208 441 286 'nu
463 243 623 288 raucorum
645 244 815 288 unnromca.
1087 229 1147 309 149

82 395 231 455 evincunt:
261 400 332 455 ante
359 393 458 455 omnia
482 392 577 461 Qvidii
609 395 761 474 ingenium
791 396 956 459 rhetoricae
981 394 1037 457 arti
1060 413 1149 479 quam

80 478 260 559 aptissimum
284 497 378 558 eaque
401 478 567 553 excultum;
595 497 655 558 quo
678 481 837 562 praecipue
859 489 995 562 spectant
1015 498 1091 560 quae
1113 482 1149 543 de

80 564 126 624 illo
148 563 261 625 Seneca
284 575 368 644 pater
389 564 548 648 memoriae
573 564 705 638 tradidit;
736 566 842 628 deinde
864 565 1037 638 Quintiliani
1066 566 1149 647 testi7

79 649 208 711 monium
238 666 298 729 quo
328 648 471 709 docemur
499 650 585 711 etiam
615 649 646 710 in
674 651 823 730 tragoedia
844 651 927 712 illum
950 651 1071 730 ingenio
1093 669 1149 727 suo

79 732 230 811 indulgere
258 751 345 812 quam
376 739 540 813 temperare
568 734 707 796 maluisse
718 738 758 811 ²);
789 736 917 816 denique
942 736 1068 798 frustula
1090 735 1149 796 duo

79 837 150 897 quae
172 818 277 897 iniqua
299 817 386 879 nobis
407 818 526 879 fortuna
550 838 585 880 ex
606 818 685 881 illius
707 820 808 884 Medea
830 821 951 902 reliquit
967 855 1006 865 —
1024 820 1151 897 libenter

6 962 8 987 ,
80 903 154 965 enim
177 901 275 963 Ovidii
298 903 398 964 Medea
421 921 525 965 novem
548 903 679 965 Senecae
700 906 865 984 tragoedias
888 906 1082 967 venderemus
1096 938 1150 980 —,

78 1006 150 1067 quae
180 995 279 1049 tamen
304 987 459 1048 sufficiunt
481 995 514 1050 ut
536 995 566 1049 et
586 987 705 1050 bledeae
731 1008 828 1052 mores
851 989 934 1053 illum
957 990 1041 1052 aliter
1062 1008 1150 1069 quam

80 1072 250 1152 Euripidem
279 1080 420 1133 tractasse
449 1079 477 1133 et
499 1073 650 1135 rhetorum
674 1092 756 1136 more
777 1075 910 1136 locutum
937 1093 1001 1136 esse
1023 1092 1150 1154 cognos-

80 1176 186 1219 camus.
232 1158 269 1218 de
290 1157 404 1219 Seneca
432 1175 493 1218 non
516 1157 635 1238 probari
657 1159 751 1237 magis
775 1160 861 1221 debet
882 1177 930 1221 res
953 1178 1039 1239 quam
1062 1158 1150 1221 intel-

79 1243 144 1322 legi.
180 1249 280 1303 tamen
302 1242 339 1303 ad
360 1240 542 1320 probandam
565 1261 686 1323 quoque
709 1262 785 1324 quae
806 1244 955 1306 sufficiant
975 1245 1149 1308 adferemus.

161 1346 225 1389 non
247 1327 394 1389 immerito
417 1327 474 1388 dici
498 1336 595 1407 potest
616 1327 653 1389 ad
676 1328 786 1390 nullam
810 1329 871 1390 tere
893 1330 1080 1408 antiquarum
1103 1329 1151 1391 lit·

81 1424 207 1475 terarum
237 1420 361 1474 aetatem
389 1411 602 1477 inlustrandam
632 1413 734 1474 utilius
763 1413 965 1476 adiumentum
992 1423 1152 1495 suppetere

80 1517 174 1577 quam,
198 1515 259 1575 quo
275 1497 310 1558 ad
326 1497 455 1575 primum
470 1517 501 1577 p.
518 1497 586 1559 Chr.
602 1497 751 1560 saeculum
766 1498 889 1571 utimur,
913 1500 1043 1561 Senecae
1058 1498 1151 1578 patris

80 1601 162 1662 opus.
216 1581 399 1643 differentiae
421 1581 581 1661 Vergilium
612 1601 645 1643 ao
672 1580 822 1645 Tibullum
852 1582 929 1645 inter
958 1591 987 1644 et
1015 1583 1151 1645 Ovidium

81 1667 303 1742 intercedentis,
340 1684 429 1745 quam
459 1685 546 1729 nemo
577 1685 637 1728 non
665 1670 769 1744 sentit,
804 1686 907 1730 causas
935 1668 1152 1730 controversiae

80 1753 195 1814 demum
223 1751 374 1814 suasoriae
404 1760 433 1813 et
459 1751 611 1837 iudiciales
640 1752 774 1831 aperient
799 1753 967 1832 dequibus
989 1754 1151 1815 sententias

81 1837 238 1899 divisiones
260 1847 289 1897 et
311 1836 426 1898 colores
447 1837 560 1898 Seneca
583 1838 710 1916 posteris
737 1838 873 1900 tradidit:
903 1837 961 1899 illis
983 1838 1062 1899 enim
1084 1838 1152 1901 rho·

80 1923 199 1984 toricam
222 1921 348 1982 famulae
370 1930 400 1982 et
416 1920 569 1984 ministrae
591 1921 656 1982 loco
672 1922 774 1996 luisse,
797 1923 844 1983 his
863 1923 1009 2003 imperare
1025 1941 1152 2002 cognos-

81 2007 181 2068 cimus.
227 2006 278 2087 qui
306 2005 381 2067 Livii
411 2007 532 2068 annales
561 2025 627 2067 cum
658 2006 787 2069 Sallustii
816 2006 915 2082 libris,
945 2008 1074 2070 Senecae
1101 2007 1152 2069 filii

81 2092 185 2172 scripta
202 2090 349 2171 pedestria
365 2109 432 2152 cum
450 2091 591 2153 Cicerone
607 2109 778 2171 comparare
792 2091 871 2153 volet
885 2092 921 2153 ab
938 2092 1040 2154 eodem
1055 2092 1152 2154 lucem

81 2177 212 2256 accipiet.
256 2176 286 2237 in
309 2175 467 2255 tragoediis
489 2176 581 2237 filium
605 2194 672 2238 cum
695 2186 778 2256 patre
798 2178 896 2256 ipsum
912 2177 1048 2239 conterre
1064 2176 1151 2238 debe

6 2262 7 2265 ’
82 2262 185 2335 bimus,
210 2269 243 2322 ut
265 2260 468 2340 intellegamus
491 2280 546 2322 neo
569 2261 702 2339 potuisse
724 2280 904 2342 quemquam
927 2262 982 2322 bac
998 2261 1152 2342 disciplina

81 2367 94 2407 a
115 2348 212 2426 prima
234 2353 328 2407 aetate
349 2347 526 2408 instructum
545 2346 576 2407 in
593 2345 712 2408 Graecis
727 2347 917 2426 adquiescere
932 2346 977 2408 vel
992 2347 1022 2407 in
1039 2346 1151 2409 Horatii

80 2432 212 2510 legibus,
234 2446 308 2510 quas
337 2429 449 2492 scilicet
470 2430 583 2494 Seneca
612 2431 643 2493 in
666 2433 824 2511 tragoediis
846 2431 940 2512 palam
964 2432 1153 2514 contempsit,

81 2535 149 2592 nec,
180 2516 207 2577 si
235 2514 400 2592 tragoedias
427 2516 586 2593 scriberet,
616 2516 687 2579 alias
716 2517 847 2579 scribere
876 2517 1019 2597 putuisse.
1063 2528 1152 2597 atque

81 2603 221 2663 Senecam
250 2600 355 2662 studiis
382 2600 539 2663 rhetoricis
569 2619 657 2681 quam
684 2602 809 2663 maxime
838 2602 983 2664 imbutum
1009 2601 1101 2664 luisse
1123 2609 1154 2662 et

6 2724 8 2755 ,
81 2693 181 2748 natura
212 2703 267 2746 sua
295 2704 356 2746 non
378 2685 477 2747 minus
501 2704 588 2765 quam
612 2685 746 2749 Ovidium
770 2688 805 2749 ad
829 2705 862 2748 ea
884 2686 1044 2767 praecipue
1066 2682 1152 2750 incli-

80 2789 163 2832 nasse
186 2778 217 2832 ct
242 2777 326 2850 pater
353 2769 440 2832 fidem
469 2771 537 2832 tacit
566 2779 595 2833 et
617 2771 762 2851 quidquid
784 2771 903 2850 scripsit
910 2789 919 2846 3
949 2780 982 2831 ut
1007 2771 1059 2850 qui
1081 2770 1152 2832 sub·

6 2922 7 2943 ,
80 2856 145 2917 inde
172 2862 235 2917 tota
266 2855 359 2934 capita
381 2855 488 2916 libellis
510 2856 573 2918 suis
595 2874 655 2917 non
679 2857 736 2917 alio
759 2854 883 2916 consilio
905 2855 1016 2917 inserat
1039 2854 1096 2916 nisi
1118 2863 1153 2917 ut

6 2966 7 2973 ¹
80 2939 117 3002 in'
130 2941 232 3003 colore
255 2939 409 3020 splendido
431 2941 499 3002 tiois
513 2941 572 3002 liat.
610 2947 638 3002 at
653 2939 689 3002 de
704 2939 862 3020 tragoediis
877 2958 935 3017 qua
949 2938 1065 3001 ratione
1080 2939 1152 3001 illud

6 3020 7 3075 Ῡ
81 3025 263 3088 intellectum
283 3024 371 3086 velim
393 3044 454 3088 uno
478 3024 579 3087 saltem
602 3027 738 3106 exemplo
760 3025 795 3086 ad
819 3025 983 3086 orationem
998 3043 1033 3086 ac
1052 3024 1152 3088 stilum

6 3118 7 3175 4
82 3111 250 3189 pertinente
271 3118 340 3172 ante
362 3110 464 3172 oculos
485 3128 597 3189 ponere
619 3110 712 3172 satius
738 3110 802 3172 erit.

6 3202 7 3229 ³
164 3214 225 3257 nou
256 3210 323 3256 raro
353 3213 388 3255 co
418 3194 517 3256 colore
546 3197 681 3257 rhetores
711 3203 836 3257 utuntur
862 3203 895 3256 ut
924 3193 959 3255 ad
990 3193 1152 3274 augendam

6 3268 8 3373 f
81 3281 134 3343 nim
156 3279 324 3358 argumenti
347 3297 409 3342 rem
432 3298 519 3359 quam
535 3280 624 3342 semel
641 3280 773 3341 evenisse
788 3288 891 3342 notum
907 3279 954 3353 sit,
978 3278 1016 3342 ita
1031 3288 1154 3360 tangant

82 3367 162 3443 quasi
185 3366 287 3428 eadem
310 3383 397 3445 saepe
419 3373 448 3426 ct
473 3364 545 3427 adeo
566 3383 683 3445 semper
705 3365 735 3426 in
759 3364 846 3426 simili
869 3365 1024 3426 occasione
1047 3382 1153 3426 evene-

83 3451 126 3512 rit.
171 3450 215 3511 sic
232 3450 348 3511 iuvenis
368 3450 420 3528 qui
443 3468 510 3511 cum
533 3459 671 3529 patruum
688 3449 779 3529 patris
795 3449 947 3511 inimicum
964 3449 1085 3511 aluisset
1100 3446 1151 3509 ab·

83 3535 192 3597 dicatus
215 3554 230 3596 a
253 3542 337 3616 patre
358 3535 426 3595 dein
442 3553 458 3596 a
476 3543 582 3615 patruo
597 3535 752 3615 adoptatus
767 3543 880 3615 patrem
896 3535 1015 3613 inopem
1031 3533 1153 3607 aluerat,

83 3619 187 3682 iterum
210 3617 390 3682 abdicandus
412 3620 469 3680 boc
491 3620 522 3681 in
545 3638 654 3681 novum
676 3626 788 3700 patrem
812 3619 912 3681 colore
934 3617 1041 3681 utitur:
1065 3637 1153 3698 quac-

84 3709 146 3767 ritis
166 3705 235 3787 quid
254 3701 394 3784 fecerim?
423 3706 499 3785 guod
518 3705 642 3768 solebam
664 3707 771 3781 (contr.
793 3704 821 3779 l,
854 3708 888 3779 t,
914 3706 982 3781 17);
1012 3703 1152 3765 nimirum

84 3797 193 3868 patrem
216 3789 292 3865 alui,
314 3797 348 3851 ut
368 3789 438 3851 olim
460 3799 551 3864 temet
572 3790 680 3870 ipsum.
725 3789 768 3851 sic
790 3788 820 3851 in
844 3788 984 3851 llurredii
1006 3787 1154 3851 sententia

165 3972 186 4034 ²7
202 3972 229 4024 id
248 3970 317 4040 qnod
334 3987 385 4026 uon
403 3976 472 4026 recte
490 3972 627 4040 explicavit
644 3970 793 4026 Welclrerus
811 3976 840 4025 tr.
859 3987 898 4040 gr.
914 3988 939 4041 p.
961 3976 1035 4029 1433.
1101 3964 1103 3969 ’
