2686 4482
171 166 231 226 126
507 182 546 225 os
568 183 694 227 caurrcrs
715 183 901 227 rourunrurs.

168 343 202 394 ut
224 335 277 414 hg.
301 338 359 399 631

374 432 400 482 et
421 420 502 482 licuit
525 420 603 482 dolos
623 438 737 481 versure
759 432 791 481 ut
814 423 871 499 ipsi

168 514 198 567 et
220 504 273 585 hg.
297 507 358 568 853

372 594 507 652 eotimur't
528 608 632 651 monus
653 591 765 651 insuete
786 593 875 669 carpi.

167 675 321 735 aestatim
344 676 480 754 sequitur
500 675 629 735 alcaicus
651 681 751 734 rectus
773 676 835 737 723
859 674 932 749 (basi
955 673 1100 751 iambica).
1138 673 1172 734 in
1194 692 1242 735 se·
1317 684 1318 691 ’

168 760 328 838 quentihus
356 780 382 820 v.
412 762 473 824 728
503 758 713 839 interpolatum
742 777 806 820 esse
835 777 925 840 supra
959 758 1240 834 demonstravimus3

167 845 246 922 quod
277 863 382 905 causae
409 845 499 906 fuerit
529 854 563 906 ut
595 861 696 904 versus
718 844 929 923 praecedentes
951 853 1052 924 postea
1076 862 1137 905 nou
1161 851 1243 906 recte
1317 860 1318 925 f

167 928 409 991 discriberentur.
454 936 591 991 constant
613 929 693 989 euim
714 929 816 1008 priore
837 928 972 1009 sapphici
996 934 1078 1008 parte
1317 936 1318 939 ’

519 1013 644 1093 protulit
665 1013 755 1084 tellus,

166 1098 281 1161 duobus
304 1098 420 1161 alcaicis
443 1108 482 1174 et,
505 1100 530 1159 si
553 1108 633 1159 reete
656 1099 781 1170 conieci,
804 1097 905 1159 aicaiei
926 1099 1026 1179 priore
1049 1096 1115 1158 colo

519 1201 662 1263 supraque
680 1187 778 1263 pinus.

251 1268 282 1328 in
304 1269 364 1329 dne
385 1268 525 1329 carminis
546 1268 657 1346 aliquid
672 1268 814 1329 omissum
830 1285 895 1343 esse
909 1266 1051 1341 vidimus;
1075 1268 1155 1346 quod
1171 1285 1240 1328 rur·

165 1371 231 1413 sum
253 1371 314 1414 non
337 1353 402 1414 sine
425 1354 532 1417 damno
555 1352 670 1414 metrici
693 1353 807 1414 ordinis
830 1353 938 1415 sactum
954 1361 1007 1415 est.
1038 1353 1149 1414 etenim
1166 1351 1239 1413 haee
1317 1350 1318 1381 ³

164 1447 202 1507 (v.
224 1440 287 1501 732
310 1442 383 1518 sq.):
1064 1453 1067 1457 ·
1317 1440 1318 1459 ³

368 1527 465 1584 sonuit
485 1523 595 1600 relicuo
618 1523 765 1584 classicum
790 1540 880 1583 coeco

368 1607 511 1688 lituusque
532 1609 642 1668 oderico
663 1607 799 1669 stridulos
820 1620 920 1669 motus

367 1692 441 1753 elisit
462 1711 535 1762 uere,
557 1709 615 1752 ooo
636 1704 702 1754 eote
723 1691 837 1771 liupaton

367 1777 454 1856 opiies
475 1787 501 1838 et
523 1795 576 1837 oro
589 1773 672 1840 'oou's
694 1782 807 1855 ¹r'preotoe

367 1861 490 1923 elamore
508 1866 640 1940 priorum
660 1862 764 1923 hostico
786 1865 898 1941 cooperti
1317 1914 1318 1939 1

163 1953 191 2006 et
221 1945 381 2026 sapphicus
407 1947 523 2025 integer
544 1958 574 2007 et
595 1946 740 2026 ancipites
762 1946 1023 2026 coalescentesque
1045 1945 1172 2027 syllabae
1194 1946 1237 2008 sio
1317 1962 1318 2019 1

161 2033 270 2093 docent
293 2030 477 2092 discribenda
501 2049 580 2093 esse:
1317 2026 1318 2051 ¹

284 2120 346 2180 732
367 2121 464 2177 sonuit
485 2117 595 2194 relicuo

367 2201 514 2263 classicum
536 2219 625 2262 coroa
648 2201 790 2282 lituusque
811 2202 921 2263 edoceo

364 2286 501 2348 stridulos
524 2297 623 2347 cautos
645 2285 718 2347 elisit
740 2305 804 2346 aere

280 2374 342 2436 735
364 2389 424 2431 noo
445 2380 511 2431 oute
533 2371 646 2450 linques
667 2370 754 2450 eudes
776 2381 802 2432 et
824 2374 877 2432 o're

364 2460 440 2517 vocis
461 2460 574 2535 iqaotoe
595 2454 718 2517 clamore
735 2460 866 2536 primum

363 2540 466 2602 hostico
490 2545 611 2620 emporii·
963 2548 965 2551 ’

160 2641 261 2684 versus
283 2632 380 2686 autem
403 2626 505 2705 quales
528 2634 598 2687 sunt
620 2626 682 2688 734
705 2632 735 2686 et
751 2627 812 2688 736
828 2658 869 2670 —-
884 2625 1017 2704 sapphici
1033 2626 1146 2689 scilieet
1165 2647 1234 2691 cum
1317 2622 1318 2691 1

159 2708 289 2772 molosso
312 2710 473 2771 choriambi
496 2710 573 2783 loco,
596 2710 656 2771 sive
671 2711 761 2771 mavis
777 2710 859 2789 prior
874 2710 1009 2791 sapphici
1023 2730 1092 2790 pars
1107 2730 1176 2773 cum
1193 2714 1234 2775 al·
1317 2692 1318 2767 1

159 2795 231 2859 oaici
247 2796 346 2875 priore
358 2831 399 2840 -
411 2797 538 2857 redeunt
552 2799 605 2872 Ag.
621 2797 693 2857 617.
711 2798 783 2859 630.
800 2795 961 2865 800813.
977 2798 1136 2861 815846.
1153 2800 1233 2863 85οε
1317 2774 1318 2829 1

363 2885 430 2942 vicit
451 2885 568 2961 acceptis
590 2898 654 2941 cum
674 2881 760 2959 fulsit
782 2884 881 2941 ermis.
1199 2942 1201 2947 .

1317 2840 1318 2873 1

1317 2878 1318 2915 1

363 2967 488 3028 conditos
509 2984 588 3044 repes
610 2964 766 3045 bellumque
787 2967 909 3044 pestem.
1317 2950 1318 3035 1

361 3049 452 3129 Arpos
474 3055 565 3112 irotoe
587 3068 687 3111 cerum
709 3069 857 3111 reooereoe.
1317 3048 1318 3123 1

361 3154 483 3213 mepous
504 3134 612 3195 Alcides
633 3139 681 3196 eui
701 3134 759 3213 ope
779 3136 891 3196 muudi.
1317 3128 1318 3215 1

360 3222 487 3282 roscidae
508 3225 598 3282 noetis
620 3223 755 3299 iussitque
777 3219 928 3281 Phoebum.
1317 3240 1318 3335 p

356 3304 492 3384 praebuit
512 3310 603 3369 suevis
625 3308 768 3385 timeatque
789 3306 901 3366 crudos.
1317 3338 1318 3385 1

360 3389 434 3453 uude
452 3408 587 3470 percusse
609 3388 782 3469 Stymphalis
803 3389 871 3452 olto.

156 3491 189 3532 ac
211 3492 237 3533 v.
262 3476 323 3538 850
346 3475 415 3538 item
439 3476 539 3556 priore
562 3474 696 3556 sapphici
718 3483 801 3554 parte
828 3475 989 3555 excipitur:
1020 3474 1121 3536 decidit
1143 3474 1229 3536 coelo.

157 3558 229 3620 Oed.
254 3563 315 3624 735
338 3569 434 3622 autem
458 3581 492 3623 ex
515 3579 618 3622 eorum
641 3577 766 3621 numero
790 3568 834 3623 est
856 3579 932 3639 quos
954 3560 989 3621 ad
1011 3578 1037 3620 v.
1062 3561 1235 3621 47266111.

155 3645 320 3724 posuimus.
357 3647 548 3713 intercidisse
566 3646 657 3725 igitur
680 3665 782 3707 versus
803 3653 871 3707 ante
894 3647 956 3710 734
981 3644 1094 3706 videtur
1112 3648 1229 3723 qualem
1317 3686 1318 3769 p

155 3748 244 3809 supra
267 3732 429 3811 proposui:

359 3810 552 3899 [poenamque
573 3815 687 3879 inibant
707 3814 808 3879 tellure
829 3810 906 3899 uoti]

358 3918 417 3960 uon
438 3912 505 3962 oute
527 3901 640 3979 linques
661 3901 749 3979 opiles
770 3912 796 3962 et
818 3919 871 3962 ero
893 3921 918 3962 e.
935 3921 963 3980 q.
980 3920 1003 3962 s.
1077 3916 1080 3923 ’
