2648 4478
424 254 463 297 nr
484 253 586 298 conrerr
608 253 743 297 nrnvseo.
1078 242 1117 301 41

29 390 31 453 i
70 407 130 466 eninr
149 404 232 467 habet
253 407 306 468 sed
320 405 451 468 Phoebeis
472 410 570 485 innota
586 416 694 485 petens.
725 407 850 467 tortasse
865 415 935 485 post
949 409 1011 472 685
1027 407 1121 470 inter·

71 490 123 551 eidit
140 490 304 552 versiculus
327 491 377 570 qui
399 491 476 552 hane
498 491 561 552 iere
582 490 758 552 sententiam
782 491 976 553 continuerit:

309 571 455 659 [praeceps
477 579 572 637 missis
592 578 691 655 fertur
711 570 852 660 intentet.

99 657 143 718 ΗΟ
159 663 217 724 750
240 659 332 741 Hylle
352 661 384 722 in
399 660 426 720 Β
439 661 511 734 dari,
535 660 615 739 quod
629 659 743 740 pridem
758 660 860 740 Lipsio
875 670 995 723 anctore
1010 661 1119 724 iactum

70 752 101 804 eat
117 761 199 823 snpra
219 747 338 808 monui.
382 746 451 807 item
474 747 537 807 752
558 743 713 807 Deianirae
733 763 853 807 rursum
875 746 1055 826 adsignatur.

131 848 155 889 r.
170 830 230 893 973
254 835 403 893 rariterae
422 829 544 892 Hercule
563 826 568 906 Ι
588 829 642 891 lan
663 830 730 892 vilis
750 834 806 893 ieta
828 841 878 892 eet.
921 831 1118 912 corruptelam

68 912 163 991 quidem
184 933 243 994 qua
266 917 331 978 974
353 915 466 976 laborat
488 915 554 991 (leae
570 914 622 975 iile
635 916 728 990 eistat)
744 915 841 977 attulit
854 914 988 990 Peterus‚
1010 916 1120 996 prieris

67 999 281 1061 emendationem
305 1001 448 1079 neglexit:
471 1004 600 1063 caritura
621 998 756 1062 Hercule.
794 1001 875 1079 quod
896 1000 984 1062 habet
1005 1002 1062 1061 iam
1085 1020 1119 1062 ex

67 1083 222 1157 eenieetuea,
247 1092 283 1146 ut
305 1086 429 1160 videtur,
452 1086 602 1147 Arantine

132 1187 155 1229 r.
179 1171 257 1233 1361
292 1170 412 1233 ubinam
441 1173 504 1249 ipsa
526 1169 608 1249 pelta
629 1166 692 1230 eet?
725 1169 852 1231 menbra
877 1171 988 1232 nudata
1011 1173 1120 1232 imiter.

67 1250 167 1313 Bothiua
189 1255 321 1316 correxit
343 1261 399 1318 ista
420 1255 527 1316 merito
549 1254 732 1316 adsentiente
754 1254 892 1317 Etrusco.

131 1356 155 1398 r.
178 1341 260 1402 1629
283 1340 418 1421 ultraque
438 1351 511 1401 teter
528 1343 657 1419 perriye't
676 1357 773 1401 remes
795 1359 895 1402 aemes

67 1420 100 1480 rie
115 1425 146 1482 A.
174 1423 416 1504 Raphelengiua:
439 1435 531 1487 tatem
552 1457 594 1470 -
616 1440 725 1485 nemen
759 1425 811 1487 aed
833 1424 873 1485 13:
894 1423 1027 1504 ultraque
1047 1433 1121 1486 teter

65 1509 165 1585 patefit
185 1528 286 1572 remes
306 1529 420 1572 manea.

132 1609 156 1652 v.
180 1595 260 1658 1780
284 1595 355 1675 quid
374 1598 479 1656 misere
501 1594 590 1655 duras
610 1592 694 1656 nite?
727 1593 797 1674 qnid
817 1593 906 1655 lenem
927 1593 999 1654 tane
1021 1590 1123 1654 tenea?

69 1673 101 1734 aie
117 1675 151 1748 t;
170 1677 318 1741 Etruscus
340 1680 409 1760 quid
430 1678 520 1740 leteem
541 1677 639 1741 tenea?

133 1845 200 1908 haee
228 1849 295 1911 iere
316 1855 388 1910 sunt
408 1866 484 1927 quae
505 1847 542 1908 de
564 1847 676 1927 optimo
699 1847 800 1909 codiee
821 1846 1041 1927 praemonenda
1063 1865 1121 1926 pu·

60 1927 120 1988 'tart
157 1933 262 2010 quibus
289 1932 431 2014 expositis
452 1933 483 1994 id
504 1940 584 1994 certe
606 1941 786 1994 consecutus
808 1949 859 1993 ere
882 1941 916 1994 ut
936 1933 967 1993 in
991 1932 1121 1994 editione

69 2010 211 2079 adornanda
240 2038 274 2081 ea
303 2018 507 2081 tantummodo
533 2018 669 2097 proferre
697 2017 817 2080 debeam
847 2036 923 2097 qnae
951 2019 987 2079 ad
1014 2036 1119 2080 reeen-

72 2095 161 2160 rienem
186 2120 219 2165 re
245 2122 317 2165 vera
345 2104 486 2180 attinent,
513 2103 581 2164 fidei
611 2119 698 2181 quam
730 2103 783 2164 riri
805 2103 884 2165 doeti
906 2102 1023 2164 schedia
1044 2105 1120 2163 meis

71 2179 175 2246 tatituri
195 2188 255 2250 sint
280 2208 414 2251 securus.
