2776 4476
1141 252 1220 314 xvir

232 422 311 495 Quot
332 421 444 484 fabulas
468 421 638 501 complexus
661 423 698 483 sit
720 422 810 484 codex
834 421 876 496 11,
908 421 965 483 6151
988 423 1109 503 nequit,
1140 441 1215 503 quo-

150 508 229 570 niam
260 508 488 586 quaternionum
519 507 635 569 numeri
671 506 744 569 nulli
778 516 955 586 supersunt;
988 516 1113 569 attamen
1147 508 1216 588 plus

148 592 261 655 duabus
285 611 352 654 cum
383 593 565 654 continuisse
593 592 738 671 probabili
764 593 973 655 fasciculorum
996 594 1216 673 computatione

148 678 289 740 eflicitur:
313 678 392 739 conl.
408 677 524 757 Peiperi
547 684 576 737 51
590 675 720 738 Richteri
743 679 916 756 praefation.
932 695 998 758 pag.
1014 698 1090 739 xxm.
1122 681 1218 759 Atque

147 782 186 824 ne
207 763 237 825 id
260 763 380 842 quidem
403 762 530 824 discerni
553 769 659 841 potest,
682 772 782 824 utrum
804 763 904 824 Medea
927 783 964 825 an
980 761 1113 842 Oedipus
1135 765 1219 844 prio-

148 866 209 909 rem
232 849 263 909 in
287 847 314 909 11
335 847 432 909 locum
458 848 657 927 occupauerit.

234 934 369 1011 Scriptus
385 940 429 995 est
444 933 536 994 ceder
553 931 627 993 1155
643 931 807 995 litterarum
823 931 990 1012 capitalium
1013 934 1116 1011 forma,
1140 951 1216 1013 quae

150 1036 216 1080 cum
240 1018 369 1080 medium
392 1018 490 1097 aliquo
513 1017 600 1079 modo
623 1025 721 1079 teneat
745 1017 844 1079 locum
866 1019 945 1080 inter
966 1017 1061 1081 Plauti
1084 1018 1215 1080 codicem

148 1103 376 1165 Ambrosianum
399 1103 616 1164 accuratissime
639 1102 751 1181 pictum
774 1111 804 1164 et
824 1102 954 1164 Terentii
978 1104 1108 1166 codicem
1130 1104 1217 1165 Rern·

148 1187 252 1250 binum
274 1189 374 1250 minus
396 1197 567 1250 constanter
588 1187 707 1267 scriptis
729 1187 834 1249 litteris
858 1189 1101 1268 conspicuum¹)‚
1128 1189 1220 1269 paulo

148 1273 330 1353 probabilius
345 1274 450 1353 quinto
467 1291 553 1352 quam
569 1281 673 1352 quarto
688 1272 806 1333 saeculo
822 1274 940 1335 uidetur
951 1273 1076 1335 adscribi
1092 1277 1218 1353 555551).

149 1358 212 1419 1155
236 1368 367 1435 5555151,
396 1358 564 1420 Plautinum
595 1357 678 1418 illum
707 1350 837 1418 codicem
860 1359 1033 1420 Annaeano·
1050 1378 1114 1421 esse
1142 1359 1218 1420 anti-

149 1445 299 1523 quiorem:
332 1460 398 1506 nam
422 1451 452 1504 51
473 1443 496 1504 F
518 1443 594 1504 5111
616 1442 730 1503 litterae
758 1443 789 1503 in
813 1442 870 1504 hoc
892 1443 995 1505 subter
1017 1444 1124 1506 lineam
1147 1463 1218 1523 pro-

149 1529 300 1591 ducuntur
329 1537 358 1590 et
387 1529 422 1589 ad
450 1529 575 1590 labentis
608 1526 814 1606 calligrapbiae
847 1535 968 1589 aetatem
997 1529 1069 1590 illud
1099 1547 1219 1609 quoque

147 1615 267 1676 uidetur
290 1614 448 1695 pertinere,
472 1613 552 1693 quod
575 1632 635 1674 non
659 1630 762 1674 omnes
783 1612 896 1674 litterae
920 1631 1013 1692 aeque
1035 1614 1109 1675 altae
1131 1621 1219 1688 sunt;

151 1699 310 1779 praecipue
326 1700 419 1778 prima
437 1717 541 1761 uersus
556 1699 652 1758 littera
668 1698 699 1758 in
715 1696 742 1758 ll
758 1716 819 1758 non
842 1716 908 1759 raro
930 1698 1083 1778 paululum
1108 1699 1218 1761 eminet

150 1801 240 1864 supra
263 1785 426 1864 proximas,
457 1802 543 1863 quam
570 1783 797 1845 inconstantiam
819 1784 850 1843 in
872 1783 1042 1863 apographo
1065 1802 1132 1845 meo
1156 1802 1216 1845 non

150 1868 261 1947 ubique
283 1875 421 1949 typorum
450 1872 543 1930 forma
573 1868 702 1930 imitatus
730 1886 811 1928 sum:
842 1870 921 1929 conl.
945 1888 970 1929 e.
995 1886 1022 1947 g.
1045 1869 1121 1930 bled.
1144 1870 1218 1944 726,

152 1953 224 2015 Oed.
249 1955 321 2018 395.
345 1958 436 2017 4141.
461 1956 522 2017 526
553 1953 615 2027 (551
638 1953 757 2014 sinistra
780 1952 804 2014 U
826 1953 939 2015 litterae
970 1954 1049 2015 trabs
1071 1954 1215 2035 producta

152 2049 196 2100 est
219 2057 280 2100 non
304 2057 390 2100 secus
412 2049 500 2120 atque
522 2039 552 2099 in
578 2038 794 2117 antiquioribus
817 2039 968 2100 codicibus
991 2057 1216 2118 nonnumquam

150 2124 193 2200 61)
216 2124 247 2185 15
271 2123 366 2204 555115
388 2126 512 2204 paginae
536 2131 565 2185 et
590 2131 738 2202 praeterea
763 2123 834 2185 Oed.
858 2127 930 2188 405.
954 2127 1025 2188 416.
1050 2125 1121 2188 518.
1146 2127 1218 2187 524.

152 2210 223 2273 543.
269 2209 408 2270 blemoria
431 2209 554 2271 maxime
576 2209 698 2288 dignum
722 2218 780 2283 est,
814 2209 892 2288 quod
914 2210 927 2270 l
950 2209 1046 2273 littera
1068 2228 1129 2271 non
1153 2228 1219 2271 raro

152 2296 262 2356 eminet
284 2313 374 2374 supra
397 2307 525 2368 ceteras,
556 2311 733 2373 quamquam
756 2312 796 2356 ne
818 2295 848 2355 in
871 2294 926 2355 bac
948 2294 1067 2374 quidem
1092 2313 1124 2356 re
1147 2313 1220 2356 con-

151 2380 286 2441 stantiam
310 2380 466 2441 adsecutus
488 2389 532 2441 est
554 2378 755 2440 amanuensis:
781 2381 860 2440 5551.
876 2379 952 2441 Μ56.
969 2381 1028 2442 237
1054 2380 1134 2453 obici,
1157 2382 1217 2443 697

151 2473 179 2525 51
201 2465 264 2545 696
286 2464 398 2541 accior,
420 2468 481 2529 708
505 2466 595 2544 iupis,
627 2462 700 2525 Oed.
724 2466 785 2526 422
809 2473 837 2526 51
861 2464 922 2527 536
944 2467 1019 2540 iem,
1047 2468 1108 2529 510
1132 2466 1221 2536 caius,

152 2550 212 2612 535
236 2549 337 2623 buius,
360 2552 421 2614 516
443 2551 596 2620 iudicium,
619 2551 678 2612 521
703 2548 774 2620 5115,
804 2551 864 2612 522
887 2551 977 2625 socri;
1005 2559 1127 2629 apparet
1148 2550 1221 2612 locis

150 2635 303 2714 plerisque
325 2634 427 2695 altiore
449 2636 461 2695 l
484 2635 596 2695 litterae
623 2637 716 2696 lorma
740 2633 759 2711 j
785 2652 890 2695 sonum
915 2633 1048 2714 exprimi.
1092 2635 1219 2696 Litterae

152 2719 294 2781 delendae
309 2720 514 2797 significantur
529 2738 612 2780 more
627 2719 749 2798 antiquo
764 2719 799 2780 ab
816 2720 878 2800 1555
894 2720 987 2798 prima
1003 2737 1091 2780 manu
1107 2729 1219 2798 puncto

152 2822 243 2882 snpra
264 2804 390 2866 litteram
413 2804 525 2884 posito:
557 2804 733 2865 55515156.
758 2805 829 2867 702.
854 2806 924 2868 725.
949 2807 1027 2878 740,
1057 2803 1129 2864 056.
1155 2806 1216 2868 534

152 2890 243 2963 (5551.
273 2890 359 2951 etiam
388 2889 463 2950 bled.
493 2891 576 2967 263).
627 2888 754 2950 Litterae
780 2890 966 2967 contignatae
994 2888 1092 2950 nullae
1121 2897 1221 2951 extant

154 2972 212 3035 nisi
234 2975 309 3036 5156.
333 2976 395 3037 744
418 2974 472 3036 Ull
495 2975 549 3036 sub
573 2992 679 3035 uersus
700 2976 789 3035 finem
812 2992 906 3053 prope
929 2973 1100 3052 marginem.

220 3059 407 3139 Compendiis
429 3060 593 3139 scripturae
615 3058 751 3121 librarius
768 3079 828 3121 non
844 3060 938 3120 utitur
952 3060 1009 3120 nisi
1024 3058 1071 3120 bis
1086 3058 1218 3121 duobus:

243 3148 272 3220 l)
292 3163 362 3226 -qoe
390 3144 561 3225 saepissime
590 3143 630 3216 Q·
661 3144 814 3208 scribitur:
846 3144 922 3206 Med.
951 3148 1023 3209 204.
1052 3147 1124 3208 210.
1148 3147 1221 3207 211.

155 3229 227 3291 212.
251 3230 322 3294 220.
349 3231 420 3293 230.
450 3232 509 3293 231
542 3232 614 3307 (ter,
642 3229 727 3291 etiam
750 3231 781 3291 in
803 3231 862 3291 line
885 3231 1013 3305 uersus).
1043 3231 1116 3293 239.
1146 3231 1220 3292 244.

155 3314 227 3377 248.
244 3316 315 3377 250.
332 3317 404 3377 257.
422 3317 493 3379 258.
510 3317 582 3384 205.
599 3316 670 3378 699.
687 3316 759 3379 696.
782 3318 853 3380 703.
871 3318 942 3379 707.
958 3316 1030 3378 726.
1055 3317 1127 3379 732.
1150 3316 1223 3378 739.

156 3399 227 3462 740.
244 3400 316 3472 741,
334 3399 404 3461 056.
421 3401 492 3462 412.
509 3402 581 3463 423.
598 3402 669 3462 427.
687 3402 757 3462 525.
774 3402 845 3464 534.
862 3402 940 3474 542;
957 3409 1058 3461 contra
1074 3400 1224 3479 perscrip-

154 3490 217 3543 tum
234 3493 278 3545 est
292 3484 368 3555 ocu
384 3493 500 3565 quater:
525 3485 600 3546 bled.
616 3486 678 3550 208
694 3486 736 3561 (in
753 3485 812 3546 line
827 3488 953 3562 uersus).
974 3487 1046 3549 233.
1062 3486 1133 3548 698.
1149 3486 1223 3548 733.

226 3669 246 3730 1)
265 3668 402 3736 Vtriusque
427 3669 520 3722 codicis
543 3670 679 3737 imaginem
703 3669 781 3721 babes
804 3669 829 3720 15
847 3668 1044 3735 Zangemeisteri
1062 3672 1088 3720 et
1106 3666 1221 3719 11151155-

156 3735 239 3789 555511
255 3737 383 3805 Exemplis
401 3738 427 3790 in
444 3737 538 3789 tabulis
555 3737 596 3789 Vl.
617 3737 678 3787 Vlll.
695 3736 738 3789 tx.

224 3804 245 3872 ²)
264 3806 282 3854 Ιι
300 3807 375 3859 etiam
394 3805 418 3856 in
438 3805 549 3857 Senecae
567 3805 656 3857 codice
679 3808 824 3857 constanter
846 3819 874 3855 55
899 3805 977 3856 lorma
1002 3803 1134 3867 scribitur,
1157 3818 1223 3870 quae

156 3873 237 3939 magis
261 3873 292 3926 ad
315 3873 337 3925 K
358 3873 456 3926 accedit
477 3888 553 3941 quam
578 3872 610 3925 ad
628 3872 662 3931 ll;
685 3873 703 3923 L
726 3873 809 3924 littera
833 3888 883 3925 555
908 3872 1001 3925 eminet
1024 3886 1099 3939 supra
1125 3876 1223 3924 ceteras

155 3939 266 4002 litteram
285 3947 396 3994 cetemm
414 3947 440 3993 et
456 3941 475 3992 L
493 3946 518 3994 et
536 3942 554 3993 F
571 3942 598 3992 in
615 3940 704 3993 codice
715 3943 853 3993 Annaeano
872 3940 978 4007 graciles
996 3945 1062 3992 sunt.
1092 3940 1224 3992 Ulitterae

157 4007 234 4060 15555
252 4010 284 4061 55
304 4025 333 4062 ea
351 4010 465 4076 proxime
483 4010 562 4072 abest,
582 4009 689 4076 quaein
708 4006 819 4061 Terentii
838 4007 959 4060 Bembina
979 4008 1142 4074 conspicitur.

209 4094 303 4136 Senecae
317 4097 442 4148 tragoedlae
457 4094 492 4137 tt:
1003 4093 1024 4145 ll
