2648 4478
410 257 447 298 nn
468 255 597 299 uererer
620 255 742 298 oureus.
997 224 999 243 '
1074 240 1114 303 59
1171 288 1174 303 .

11 428 13 477 i
49 405 193 470 11111679
216 406 326 468 Ρ11110.
346 407 427 471 1185
450 406 523 486 Thy.
542 402 758 471 20801707
792 405 944 489 cedere
966 407 1112 471 ’111671
1189 420 1194 427 ’

11 480 13 561 ζ
50 491 145 552 Pboeu.
162 494 247 566 2313
271 511 339 553 nam
362 490 432 551 Tro.
449 493 509 555 788
531 491 561 552 id
584 490 657 553 salso
679 491 801 554 inlatum
826 511 892 554 esse
914 510 1004 572 supra
1027 492 1115 555 docui

11 564 13 637 ἱ
51 584 73 637 et
89 575 137 637 Ηο
166 579 254 642 1794
276 596 338 638 non
362 595 429 638 cum
452 575 579 656 Peipero
599 595 761 657 supersum,
783 581 903 657 auteguu
924 576 1115 639 scribendum

50 661 148 722 ridetur
180 663 235 723 sed
264 680 430 742 supersum,
459 678 479 723 α
506 674 613 742 guamo
640 661 781 743 supplicio
805 672 916 742 expetet
936 665 967 740 (a
988 681 1044 742 que
1066 663 1116 739 E).

11 758 13 775 '
51 765 186 826 nusquam
209 766 279 808 vero
302 747 371 826 plus
395 765 481 826 quam
503 746 678 826 bispllabum
701 748 731 807 in
755 746 849 827 prima
871 747 979 827 syllaba
995 756 1114 809 acutum

11 838 13 885 ἓ
52 832 148 893 inarsi
173 832 328 914 coalescit3
351 832 432 910 quod
453 832 564 894 inferre
585 832 679 894 voluit
694 832 748 893 ΗΟ
768 834 848 896 1330
871 832 1020 894 bladricus
1041 834 1115 895 scri-

11 928 12 933 ’
51 914 132 978 bondo
155 927 295 978 umectus
317 921 417 979 etium.
461 918 586 997 undique
608 918 747 995 infestum
772 929 858 998 ceput
883 936 908 977 e.
925 936 954 996 q.
970 936 1010 978 s.:
1042 938 1116 980 nus·

51 1020 124 1079 quam
146 1001 215 1063 dico
239 1009 358 1082 praeter
379 1001 491 1063 Phoen.
509 1004 569 1065 149
592 1002 648 1064 telo
669 1021 740 1082 queo
760 1003 861 1080 ferunt
881 1001 969 1064 utum
991 1004 1115 1081 auferes,

11 1094 12 1141 ἐ
51 1084 91 1147 ubi
111 1096 140 1148 et
160 1106 256 1167 pausa
276 1088 339 1148 lere
361 1085 442 1148 nulla
465 1094 510 1148 est
532 1096 562 1148 et
576 1088 608 1148 in
623 1105 726 1149 versus
742 1087 820 1149 exitu
836 1087 995 1150 excusatio.
1031 1087 1115 1149 deni-

52 1189 99 1249 que
124 1171 285 1252 bisyllabae
312 1179 429 1232 tantum
456 1172 509 1233 ubi
528 1171 640 1234 Phoen.
666 1175 704 1235 17
738 1171 787 1233 111.
813 1173 894 1237 1153
928 1191 978 1253 ego
1000 1172 1114 1234 Phoen.

52 1257 111 1318 222.
133 1259 196 1319 224
221 1257 272 1327 (cf.
293 1255 390 1317 Lebrs
411 1257 441 1317 in
465 1257 648 1319 Fleckeiseni
672 1257 769 1319 annal.
794 1259 834 1322 89
864 1277 894 1337 p.
921 1259 1009 1333 187),
1039 1275 1115 1336 quae

53 1357 140 1418 graves
162 1350 246 1418 sunt,
268 1350 307 1417 et,
330 1341 357 1401 si
379 1342 498 1420 quidem
513 1342 583 1403 Tro.
599 1344 662 1406 346
682 1361 749 1404 cum
764 1342 789 1404 Α
803 1363 911 1423 negator
924 1342 1115 1406 scribendum

53 1435 97 1501 est,
117 1446 178 1487 non
201 1445 328 1508 aequore
350 1425 478 1500 (Thetide
499 1446 614 1508 aequor,
636 1428 754 1490 umbros
774 1429 874 1500 Aeaco,
896 1428 1005 1490 melum
1025 1428 1113 1505 Iove),

53 1510 78 1570 in
96 1510 221 1573 Hercule
250 1511 361 1572 Oetaeo
389 1516 465 1591 specs
492 1530 519 1572 1.
542 1515 604 1577 768
634 1524 663 1574 et
690 1517 782 1593 lupuit
809 1533 835 1573 r.
859 1514 931 1577 823.
979 1513 1115 1574 Octaviae

52 1608 136 1658 autem
163 1597 296 1676 scriptor
324 1597 532 1677 synaloepham
562 1598 594 1659 in
622 1598 864 1678 interpunctione
887 1615 1034 1676 nusquam
1057 1597 1114 1660 sibi

53 1683 196 1758 concessit,
220 1701 259 1744 ne
281 1682 313 1743 in
335 1682 545 1762 monosyllabis
567 1682 696 1762 quidem.
710 1685 733 1758 ⁸)

125 1767 224 1847 itaque
252 1768 284 1828 in
311 1785 425 1828 summa
453 1768 627 1847 aequalitate
652 1769 740 1830 modo
763 1766 926 1845 neglectam
948 1766 1036 1829 modo
1058 1766 1114 1828 dn·

54 1850 148 1913 riorem
176 1853 207 1913 in
231 1852 360 1915 Hercule
383 1851 492 1913 Oetaeo
522 1853 733 1933 synaloepham
756 1852 1014 1932 deprehendimus.
1059 1852 1115 1914 alia

54 1953 188 2015 perpauca
210 1944 291 1999 sunt.
336 1955 403 1998 nam
425 1939 503 2001 981:
532 1947 559 2000 et
581 1939 719 2020 quidquid
740 1937 822 2000 aliud
841 1942 961 2000 restitit:
992 1936 1028 1998 od
1056 1937 1114 2000 illis

54 2029 136 2082 tomen
162 2027 293 2085 com'uuu
320 2023 421 2084 reducti
447 2041 625 2103 quamquam
651 2025 814 2085 sententiae
843 2025 954 2103 optime
977 2023 1115 2085 convenit

55 2111 80 2163 et
97 2107 234 2186 quidquid
256 2115 402 2169 tentatum
425 2117 470 2168 est
491 2109 596 2188 pingui
619 2108 747 2170 Minerva
770 2116 914 2169 tentatum
938 2116 991 2183 est,
1015 2118 1112 2170 tamen

55 2207 113 2250 cum
132 2193 162 2253 in
183 2191 208 2252 Ε
229 2193 343 2271 legatur
365 2193 500 2273 puidpuid
521 2194 604 2256 eliud
624 2198 718 2270 cessit,
748 2193 784 2254 de
810 2210 876 2254 vera
897 2193 1025 2256 lectione
1047 2193 1113 2255 iure

29 2272 200 2339 dubitatur.
245 2297 272 2337 v.
296 2278 374 2341 9061

242 2375 286 2424 ter
302 2364 452 2442 parricide
472 2365 569 2442 sortus
590 2367 700 2442 ignovit
722 2372 818 2425 taum

242 2448 403 2509 1101111111
424 2449 538 2527 suroris
557 2448 640 2526 [oute
662 2447 801 2529 Cinyphio
822 2447 911 2510 scelus

241 2533 293 2594 sub
315 2550 372 2593 oue
392 2531 494 2612 Libyco
516 2537 606 2595 tersit.
1060 2604 1062 2607 .

57 2611 146 2674 durior
165 2617 282 2696 quidem
306 2628 384 2679 esset
404 2636 431 2678 1.
448 2620 510 2682 907
529 2637 617 2696 quam
634 2617 712 2679 ullus
728 2616 859 2679 Senecae
873 2635 975 2679 versus
990 2616 1016 2678 si
1031 2625 1112 2679 recte

57 2697 92 2757 ita
110 2699 295 2763 scriberetur:
319 2721 387 2763 nam
409 2711 478 2782 post
499 2704 648 2782 anapaesti
671 2703 800 2782 primum
822 2703 926 2781 pedem
948 2701 1112 2764 obtinentis

58 2781 142 2844 tbesin
161 2789 237 2864 gravi
259 2787 502 2867 interpunctione
524 2788 619 2868 posita
641 2806 744 2849 versus
774 2787 896 2848 corruit.
936 2786 987 2847 sed
1009 2805 1112 2848 verum

59 2871 187 2947 estquod
208 2872 239 2933 in
260 2872 288 2933 E
307 2872 429 2952 legitur:

550 2960 659 3036 a'guooit
681 2968 775 3019 temere

242 3041 306 3113 sibi,
328 3061 388 3103 recu
408 3043 525 3121 furori:
546 3043 628 3120 soute
651 3041 790 3122 Ciuppbio
811 3060 837 3101 e.
850 3059 879 3119 q.
892 3058 917 3100 s.

61 3122 144 3197 paullo
162 3125 278 3205 longius
299 3145 316 3187 a
339 3127 469 3189 Senecae
491 3145 547 3188 usu
570 3126 681 3188 recedit
702 3127 822 3190 19391

447 3211 551 3274 scelere
573 3231 644 3292 quae
666 3216 814 3293 quisquam
835 3231 923 3274 ausus
944 3221 985 3274 est

240 3295 286 3357 lu'c
307 3300 401 3359 vireret
425 3316 507 3359 error
977 3314 979 3325 ¹

61 3373 184 3452 siquidem
211 3381 447 3461 monosyllabum
475 3382 506 3443 in
535 3383 595 3442 fine
624 3399 727 3442 versus
750 3400 811 3444 non
833 3382 929 3443 fertur
950 3381 1008 3443 nisi
1029 3388 1112 3441 ante-

62 3459 166 3524 cedente
185 3465 387 3546 monosyllabo
411 3467 557 3545 (Schmidt
584 3486 614 3547 p.
638 3467 694 3529 39:
728 3466 826 3527 omisit
853 3466 926 3528 Oed.
952 3467 1032 3528 1010
1060 3464 1112 3525 sub
1138 3518 1139 3521 ,

60 3538 107 3617 dte
125 3549 180 3613 938
202 3562 246 3613 eut
268 3552 320 3628 est)
343 3569 399 3613 nec
420 3552 504 3614 venia
526 3552 621 3631 posita
639 3559 684 3613 est
700 3551 731 3613 in
747 3552 835 3613 verbo
852 3550 1034 3613 substantivo
1050 3568 1111 3611 non

62 3659 242 3678 'Qun——

130 3717 148 3780 ⁸)
164 3732 258 3769 novum
276 3717 326 3770 hoe
344 3723 521 3784 argumentum
539 3719 706 3786 acceditque
723 3735 749 3771 v.
767 3722 816 3771 457
836 3717 949 3785 spurium
967 3732 1024 3769 esse
1042 3732 1111 3768 com-

59 3780 167 3843 probetur.
202 3792 229 3838 at
250 3800 328 3853 quem
350 3788 413 3839 item
437 3789 454 3840 l.
472 3803 492 3839 s.
511 3787 592 3839 eicere
610 3787 679 3838 volui
697 3786 896 3854 Agamemnonis
913 3801 1015 3838 versum
1033 3788 1113 3852 1794),

59 3860 106 3899 enm
120 3850 205 3913 iniuria
222 3855 328 3906 tentavi.
356 3855 449 3907 etenim
470 3854 569 3921 neglexi
588 3870 693 3906 acumen
711 3857 737 3906 in
756 3870 786 3906 eo
804 3854 881 3906 situm
894 3853 1032 3921 essequod
1044 3855 1112 3920 Age·

58 3926 198 3972 memnonem
223 3922 364 3975 Cassandro
386 3938 443 3975 cum
462 3923 562 3974 Priamo
586 3929 725 3991 comparat
760 3928 891 3989 praeterea
915 3921 974 3974 huic
994 3923 1113 3974 versuie

58 3996 134 4046 cneco
150 3989 250 4042 nomine
267 3991 399 4043 excusatio
416 3996 504 4058 parata
522 3994 570 4056 est,
589 3990 710 4044 Octaviae
726 3992 785 4043 loco
802 4006 817 4042 1
836 3990 914 4043 lutino
933 4006 983 4044 non
1000 3990 1070 4043 item.
1107 4048 1111 4055 .
