2790 4494
579 197 753 242 edocuissem

127 349 201 411 urbs
224 355 431 410 concremetur
451 383 493 393 —
517 347 630 430 primus
652 367 668 410 a
691 349 824 412 thalamis
846 353 919 413 meis

128 434 253 514 incipiat
274 434 362 512 ignis.
427 453 522 495 anno.
565 433 647 495 lllitte
669 434 831 498 violentum
853 436 995 519 impetum

127 519 240 581 doloris
262 529 347 582 acte
370 518 486 598 publica
509 527 632 582 exorent
657 521 731 582 mala

126 612 292 685 auctorque
314 603 444 685 placidae
467 603 568 666 liberis
590 604 671 685 pacis
693 607 769 668 veni.

127 708 224 751 onum.
269 689 356 751 Vides
379 689 526 751 modestae
548 690 679 752 deditum
701 692 793 752 menti
815 709 918 753 senem

127 775 320 857 placidaeque
343 782 488 837 amantem
510 775 591 855 pacis
614 775 650 837 ad
671 784 769 855 partes
791 774 900 838 rocas?

127 867 224 922 tumet
245 860 362 922 animus
384 860 437 936 ira,
459 860 553 922 lenset
574 860 737 923 immensus
760 861 854 936 dolor,

126 945 284 1024 maiusque
307 964 394 1025 quam
417 946 496 1025 quod
519 962 605 1008 casus
628 953 657 1008 et
678 947 818 1008 iuvenum
840 949 925 1008 luror

128 1039 255 1093 conatur
276 1030 387 1109 aliquid
410 1031 507 1110 cupio.
554 1049 615 1092 non
638 1031 709 1093 satis
731 1041 776 1094 est
800 1032 896 1094 adhuc

127 1116 213 1177 civile
235 1115 361 1179 bellum:
384 1115 474 1177 frater
496 1115 527 1177 in
549 1116 670 1178 fratrem
692 1124 774 1191 ruat;

128 1219 185 1262 nec
207 1200 264 1262 hoc
286 1209 330 1263 sat
352 1211 410 1266 est:
435 1201 514 1280 quod
538 1200 633 1276 debet,
658 1209 690 1264 ut
710 1203 759 1264 fiat
782 1202 863 1263 netas

128 1286 164 1348 de
187 1302 270 1347 more
292 1294 405 1360 nostro,
429 1286 507 1365 quod
529 1304 611 1347 meos
634 1287 735 1350 deceat
756 1295 853 1348 toros:

128 1371 195 1433 date
217 1389 296 1432 arma
319 1370 404 1433 matri
425 1405 468 1415 -
490 1390 579 1433 nemo
600 1389 648 1433 me
670 1391 706 1434 ex
727 1372 774 1434 lris
797 1380 880 1435 eruat

129 1454 225 1517 silvis:
249 1456 345 1517 latebo
369 1455 452 1537 rupis
475 1475 578 1519 exesae
599 1475 668 1518 cavo

127 1550 179 1603 aut
200 1559 271 1620 sepe
293 1541 384 1603 densa
405 1559 515 1622 corpus
537 1541 706 1605 abstrusum
729 1551 834 1622 tegam.

128 1625 200 1687 hinc
222 1626 394 1706 aucupabor
415 1626 502 1688 verba
524 1628 652 1690 rumoris
672 1629 737 1706 vagi

129 1721 158 1773 ct
179 1729 261 1773 saeva
285 1712 409 1775 fratrum
430 1711 516 1788 bella,
539 1713 620 1791 quod
642 1732 773 1793 possum,
797 1713 922 1777 audiam.

396 1930 600 1945 ——ss

340 2054 343 2059 ¹
418 2099 578 2164 rocnsm

214 2202 296 2265 Felix
317 2204 431 2283 Agaue:
455 2204 569 2289 lacinus
592 2205 774 2267 horrendum
797 2225 897 2284 manu,

68 2356 74 2367 ,
130 2289 327 2369 queisceret,
351 2289 473 2368 gestavit
495 2299 524 2351 et
545 2290 674 2370 spolium
697 2291 764 2353 tulit

129 2381 252 2436 cruenta
274 2374 335 2436 nati
356 2392 475 2437 maenas
497 2375 528 2436 in
551 2384 650 2458 partes
673 2376 750 2452 dati;

128 2459 197 2522 lecit
220 2459 328 2536 scelus,
350 2459 401 2520 sed
424 2459 530 2539 misera
553 2479 613 2522 non
637 2461 715 2523 ultro
738 2480 792 2522 suo

129 2544 233 2606 sceleri
255 2545 433 2606 occucurrit.
455 2620 459 2625 .
479 2546 535 2607 hoc
557 2545 619 2609 lere
643 2555 685 2608 est
708 2547 786 2627 quod
809 2564 875 2608 sum
901 2564 1026 2611 nocens:

129 2629 183 2691 leci
208 2638 359 2691 nocentes.
405 2631 462 2692 hoc
484 2650 603 2712 quoque
626 2631 796 2694 etiamnunc
819 2632 880 2693 leve
903 2639 960 2694 est:

129 2715 232 2795 peperi
255 2724 407 2777 nocentes.
452 2716 533 2777 derat
555 2719 705 2779 aerumnis
728 2716 810 2785 meis,
838 2781 841 2788 ,

129 2810 162 2861 ut
184 2808 213 2861 et
234 2800 349 2862 hostem
372 2819 509 2863 amarem.
554 2802 657 2864 bruma
681 2810 727 2863 ter
748 2801 850 2883 posuit
870 2802 953 2864 nives
1154 2810 1202 2862 ³70

130 2892 159 2945 et
179 2885 264 2946 tertia
286 2885 343 2946 iam
365 2887 439 2948 lalce
462 2886 603 2951 decubuit
626 2888 723 2964 Ceres,
1177 2898 1181 2903 “

130 2978 163 3032 ut
186 2968 253 3030 exul
275 2978 353 3033 errat
375 2982 461 3045 natus
485 2983 515 3049 et
537 2974 629 3052 putria
652 2980 732 3034 caret

132 3054 337 3135 profugusque
359 3075 461 3135 regum
484 3058 590 3120 auxilia
613 3059 769 3123 Graiorum
792 3068 885 3136 rogat.

130 3158 222 3218 gener
243 3149 288 3201 est
309 3140 433 3217 Adrasti,
456 3143 542 3207 cuius
564 3143 689 3222 imperio
714 3161 794 3204 marc

130 3225 208 3305 quod
230 3224 338 3286 scindit
359 3225 485 3291 lsthmos
506 3229 635 3306 regitur3
658 3229 707 3291 hic
728 3235 832 3307 gentes
855 3244 923 3288 suas
1156 3235 1202 3287 375

130 3319 302 3390 septemque
324 3329 426 3373 secum
448 3331 539 3392 regna
560 3314 596 3375 ad
619 3313 759 3375 auxilium
782 3312 871 3374 trahit
955 3356 958 3363 -

213 3481 263 3531 atr
286 3483 346 3530 ante
364 3478 463 3544 violg
532 3482 582 3533 348
606 3479 668 3532 haec
686 3484 750 3543 teg
819 3481 869 3532 3⁶2
893 3478 1083 3530 immensumA
1152 3479 1201 3531 356

129 3545 189 3598 satis
208 3548 247 3598 est
264 3545 290 3597 d
365 3550 416 3601 368
440 3547 507 3615 patri
524 3548 598 3599 codd
619 3553 739 3599 corrono
758 3547 909 3599 Gronovius
930 3544 966 3606 ef.
984 3546 1011 3609 1,
1030 3544 1081 3598 221
1151 3548 1200 3599 361

129 3615 288 3680 aucupabor:
307 3615 370 3666 lieu
382 3631 399 3666 u
410 3614 474 3671 2712.
486 3616 583 3668 urard.
596 3616 620 3667 ll
672 3619 722 3670 363
739 3630 837 3668 scaena
855 3618 1030 3667 nuntiarentur
1041 3615 1066 3665 A
1116 3628 1202 3665 nouae

128 3686 240 3733 maenaa
257 3683 365 3735 locusta.
386 3682 504 3736 Satelles.
522 3683 660 3736 -Polinices
679 3684 813 3736 lltheocles
832 3683 957 3735 tueatur
973 3682 1005 3735 Ε.
1041 3681 1140 3733 adum
1157 3681 1202 3732 de·

129 3750 185 3801 buit
201 3750 375 3814 Antigonam
387 3752 421 3813 el.
440 3752 461 3815 1,
479 3752 514 3804 82
530 3769 569 3818 eq.
637 3755 688 3807 366
708 3752 773 3804 ultra
791 3752 867 3804 codd.
887 3753 1009 3802 corremit
1024 3748 1058 3802 N.
1077 3750 1202 3801 Halmius

129 3818 187 3868 adu.
204 3834 230 3883 p.
249 3820 292 3870 55.
304 3844 339 3858 -
356 3835 431 3872 sunm
449 3822 474 3871 A
535 3823 583 3874 dd'l
602 3821 689 3873 scelus
706 3821 756 3873 hoo
772 3819 918 3873 cucurritA
943 3818 1035 3872 sceleri
1053 3818 1162 3870 occurrit
1178 3817 1202 3869 u

128 3890 248 4005 pensate
262 3885 414 3939 Gronovius
466 3890 515 3941 ata
534 3888 615 3954 cingit
630 3888 745 3942 lsthmon
757 3889 782 3940 A
803 3888 882 3955 cingit
899 3886 1063 3939 lathomos&
1080 3889 1202 3939 correcte

152 3958 278 4006 rotrooitu
