2648 4478
804 194 808 201 ,
1061 174 1079 207 ν
1102 204 1108 217 x

429 303 467 345 nn
488 302 591 346 comen
612 238 808 389 nrnvscohtk
836 348 854 369 r
1018 260 1054 383 'J
1070 168 1133 379 ἠῶ

702 392 705 399 .
788 378 826 445 Q<
863 378 870 393 Ι
916 384 921 413 g
1023 402 1049 421 :⁴
1066 394 1094 429 s

66 455 182 515 traditur.
192 457 218 532 ⁴)
262 455 336 515 haec
357 454 450 534 igitur
471 454 620 533 iungenda
648 464 732 516 sunt:
762 448 837 517 cotti
865 442 959 536 hrspu‘e
981 390 1125 518 discolora

15 594 17 611 ‚
67 541 160 617 fretum
179 551 207 601 et
228 539 271 600 his
291 557 456 612 recurrens,
482 539 639 601 verborum
661 548 808 602 structura
831 540 927 620 poetis
949 559 1010 601 non
1032 540 1126 602 inusi-

15 738 17 753 t

15 762 16 775 l

15 788 17 799 r

15 848 17 855 t

15 864 17 873 t

66 632 127 699 tata3
152 625 187 685 de
210 624 323 685 Seneca
350 624 415 686 vide
439 624 511 686 Oed.
535 627 597 688 268
621 644 676 706 per
702 644 792 709 repca
817 630 882 688 iuro
905 645 1027 707 qumque
1048 645 1126 704 punc

66 708 147 789 hospes
166 729 232 789 pero
254 721 283 771 et
296 729 367 790 puae
380 709 485 790 reliqui
499 717 527 771 et
549 709 657 771 Phaed.
673 711 735 774 553
750 729 876 792 seroque
890 720 915 772 et
929 730 1026 773 ramos
1039 712 1125 773 rudes

67 806 160 857 umere
181 799 214 856 dn
236 813 328 856 ormo.
640 804 655 822 ‘

99 895 142 956 lli.
157 898 219 958 715
241 917 260 957 o
281 898 363 975 fonte
384 898 490 958 discors
512 909 611 960 meam
631 896 697 959 hino
716 915 775 958 ooo
798 897 885 959 lateo.

66 980 128 1042 nihil
140 982 187 1042 hic
202 991 370 1043 correctum
386 989 440 1056 est,
455 980 508 1042 sed
523 999 623 1043 errore
638 981 669 1043 in
685 1001 699 1043 c
713 982 810 1043 littera
824 981 931 1044 lineola
943 982 1049 1056 addita,
1066 1002 1125 1061 qua

67 1066 153 1127 similis
163 1067 239 1127 lacta
250 1074 295 1127 est
305 1066 419 1128 litterae
433 1085 457 1129 s.
473 1085 559 1128 error
574 1066 714 1128 Gronovii
729 1076 790 1141 est3
805 1085 913 1128 moneo
930 1067 997 1129 ideo
1012 1068 1081 1146 quia
1096 1075 1125 1128 et

15 1204 17 1235 ᾗ
65 1151 105 1211 hic
113 1151 253 1213 haesitare
263 1149 409 1231 quispiam
421 1151 516 1231 possit
528 1159 558 1212 et
565 1151 629 1213 aliis
641 1152 715 1213 locis
729 1151 870 1214 solemnis
885 1153 948 1213 lere
963 1161 1008 1214 est
1018 1170 1123 1213 vocum

15 1244 17 1305 j
67 1254 127 1314 quae
146 1244 216 1297 sunt
239 1237 345 1298 discors
366 1246 396 1297 et
418 1237 523 1321 dissors
539 1237 617 1299 inter
634 1257 667 1299 se
682 1237 869 1317 permutatio.
901 1256 957 1299 nec
971 1246 1052 1299 recte
1066 1238 1124 1299 hoc

65 1319 118 1381 loco
138 1321 292 1400 epitheton
314 1321 498 1400 interpretati
521 1334 591 1383 sont
613 1322 667 1382 viri
688 1322 767 1384 docti
783 1322 818 1383 dc
832 1322 946 1384 diversa
960 1323 1123 1384 rivulorum

66 1412 161 1480 natura,
184 1406 277 1484 quieti
300 1405 412 1467 seilicet
433 1406 564 1482 alterius,
590 1407 712 1468 alterins
733 1407 908 1487 impetuosi;
935 1408 1026 1469 immo
1049 1406 1123 1469 nihil

66 1489 191 1568 significat
214 1491 274 1551 nisi
289 1509 325 1551 ex
339 1510 400 1551 uno
416 1491 499 1552 lonte
513 1492 663 1571 duplicem
677 1511 798 1554 manare
811 1492 917 1567 rivum,
940 1503 974 1554 ut
988 1494 1024 1554 da
1039 1493 1123 1553 llam·

67 1593 101 1635 na
119 1575 227 1656 duplici
249 1575 322 1636 Ocd.
346 1577 408 1639 325

271 1661 320 1722 scd
340 1679 399 1722 ecce
416 1679 541 1740 popooo
562 1664 636 1739 ionis
657 1664 689 1722 io
706 1671 804 1740 portes
826 1662 898 1722 duos

274 1746 388 1807 descedit
409 1760 436 1807 ct
456 1765 486 1808 se
507 1746 608 1807 scindit
630 1750 719 1807 onius
740 1749 817 1807 socri

273 1830 378 1892 dheora
397 1830 503 1909 fovilla
513 1833 548 1906 ⁵).

66 1912 93 1974 le
111 1913 248 1994 Typhoeo
278 1934 314 1976 ex
340 1915 461 1977 homine
490 1915 640 1994 anguique
668 1914 759 1976 mixto
788 1915 864 1976 Med.
889 1915 950 1978 776
976 1911 1122 1994 Typhoeus

65 1998 173 2060 membro
194 2018 266 2079 pene
288 2001 394 2062 discors
416 2000 491 2063 toto.
533 2009 562 2062 et
583 2000 671 2080 plane
686 2001 790 2062 eodem
804 2019 894 2062 sensu
909 1998 1050 2061 Horatius
1069 1998 1122 2075 (lll

66 2083 107 2159 29,
126 2085 176 2160 28)
198 2084 313 2146 Tanain
335 2085 500 2147 discordem
522 2084 687 2166 appellavit,
710 2086 821 2166 quippe
842 2084 894 2164 qui
909 2083 1025 2145 duobus
1040 2083 1123 2145 ostiis

63 2165 90 2267 iu
117 2187 192 2231 mare
220 2170 374 2247 ingeratur
384 2172 426 2248 6);
460 2171 512 2231 uhi
540 2169 693 2232 Bentleius
723 2171 827 2232 dissors
859 2168 989 2232 scrihere
1021 2168 1122 2244 voluit,

65 2354 122 2397 vero
141 2357 224 2400 serm.
248 2339 285 2415 11,
309 2342 339 2416 3,
364 2341 424 2403 174
449 2341 595 2402 vesaniam
624 2341 780 2402 discordem
809 2340 940 2402 defendit
962 2348 1065 2402 contra
1085 2339 1121 2400 N.

65 2419 211 2501 lleinsium,
234 2424 287 2504 qui
309 2424 388 2487 illam
410 2444 530 2505 quoque
552 2427 701 2487 dissortcm
721 2425 915 2505 praeferebat.

136 2544 159 2583 v.
182 2528 243 2589 804
265 2526 362 2587 ohiter
383 2545 489 2589 moneo
512 2528 587 2588 nihil
609 2535 677 2607 post
698 2531 811 2589 uictrice
833 2544 949 2588 erasum
972 2541 1038 2586 esse
1063 2525 1121 2587 nisi

66 2607 244 2671 distinctionis
266 2611 401 2689 signom3
425 2631 493 2673 nam
516 2630 584 2673 cum
605 2613 824 2673 accuratissime
842 2614 872 2673 in
888 2612 946 2672 hoc
960 2609 1036 2671 libro
1051 2629 1121 2671 sen·

67 2693 158 2754 tentiae
178 2695 407 2775 distinguantur,
429 2697 579 2777 superflua
594 2697 682 2776 signa·
693 2697 848 2775 permultis
863 2697 937 2757 locis
955 2694 1121 2757 recentiore

67 2794 140 2838 manu
160 2798 239 2841 erasa
257 2791 344 2842 sunt:
368 2783 447 2860 quod
466 2800 555 2861 saepe
570 2781 676 2843 Petero
691 2782 788 2843 fraudi
802 2781 868 2856 luit,
891 2800 917 2841 e.
933 2798 961 2858 g.
977 2779 1030 2840 ΗΟ
1049 2781 1119 2842 127.

107 2896 167 2957 Tro.
185 2901 225 2961 25
248 2903 406 2979 ur‘ctooepue
427 2904 559 2980 quomode
580 2901 673 2962 or‘doot
694 2899 766 2961 huot
787 2899 874 2959 crodit
896 2897 952 2958 sihi

244 2988 373 3064 potuisse
394 2989 472 3046 or'ooe'

66 3072 116 3158 ‘iio
133 3100 158 3160 ll
174 3097 221 3185 (rie
244 3103 263 3163 2
286 3093 336 3185 m)'
361 3102 515 3183 Peiperus.
558 3121 593 3164 ac
613 3119 715 3163 verum
740 3108 785 3162 est
812 3100 971 3162 secundam
1000 3117 1120 3162 manum

67 3180 158 3262 aliquid
173 3186 333 3267 particulae
348 3188 500 3267 negativae
513 3186 776 3268 superscripsisse;
792 3186 872 3265 quod
887 3204 949 3247 non
964 3205 1029 3248 esse
1043 3205 1121 3248 noae

67 3267 108 3327 sed
124 3288 177 3333 ooo
197 3274 259 3350 (od)
282 3272 327 3334 vel
348 3274 520 3335 coniectura
541 3281 695 3335 assecutus
716 3272 784 3333 eris.
814 3290 839 3332 v.
856 3273 917 3335 395
935 3279 1033 3333 autem
1053 3273 1120 3351 (poc

134 3487 153 3551 ⁴)
170 3503 234 3555 quae
259 3493 382 3556 quantum
400 3489 478 3541 sciam
497 3489 633 3556 singularis
651 3493 690 3540 est
706 3486 782 3540 huius
799 3488 834 3539 rei
847 3487 979 3538 memoria:
1007 3500 1119 3552 cumque

66 3550 150 3605 ἀυπνία
170 3563 227 3608 roto
251 3558 398 3622 deprensus
422 3560 509 3608 haesit
524 3557 646 3624 Syrtium
668 3558 789 3607 brevitur
812 3556 888 3605 vadis
911 3560 936 3604 et
952 3570 1042 3620 puppo
1059 3556 1118 3616 fica

64 3625 135 3672 modo
149 3629 285 3691 corporavit
301 3626 390 3692 pedes.
418 3625 479 3676 item
497 3625 583 3677 nescio
602 3639 662 3676 num
680 3624 740 3676 alibi
757 3623 901 3676 inveniatur
918 3621 987 3688 qood
1005 3620 1049 3673 ΗΟ
1067 3625 1116 3677 911

64 3685 88 3737 de
106 3688 203 3745 llercnle
226 3698 355 3744 narratur:
382 3692 457 3755 fonto
476 3692 608 3760 Cinyphio
629 3693 714 3744 scelus
736 3694 784 3743 suh
809 3707 861 3742 ooo
879 3690 979 3756 Libyco
999 3694 1075 3742 tersit
1092 3697 1119 3743 et

64 3753 165 3810 dostram
184 3762 278 3812 obluit.
316 3760 385 3880 ‹puod
402 3760 434 3813 ad
451 3761 519 3813 lovis
537 3761 669 3814 Ammonis
687 3761 784 3813 fontem
801 3757 961 3811 referendum
978 3760 1026 3811 est.

132 3828 151 3893 ⁶)
167 3828 305 3882 cliticon.
335 3867 343 3893 ‚
358 3832 406 3883 551
422 3831 557 3880 scinditur
568 3833 596 3879 ira
606 3835 697 3895 parles
706 3831 865 3895 geminoque
874 3829 1012 3878 cacumine
1021 3831 1117 3907 surgit,

61 3887 182 4017 ἷξῖὁαέιῖἔ
195 3901 305 4018 ἔφηίεαία
323 3912 413 3963 rogos.
448 3897 516 3950 idem
534 3896 598 3998 Stat.
617 3896 696 3950 Theb·
717 3896 747 3962 X,
766 3897 823 3949 599.
856 3895 908 3961 Xll,
926 3897 985 3948 431.
1020 3895 1064 3949 sn.
1086 3896 1116 3948 lt.

108 4001 114 4027 ’
131 4030 150 4095 ⁸)
162 3982 272 4086 Senicae
281 4047 343 4086 vero
354 4036 464 4101 septem:
481 4030 565 4087 'frod
581 4039 688 4101 septeno
701 4032 806 4086 Tanain
816 4048 866 4085 oro
873 4031 1034 4100 pandentem
1044 4030 1117 4083 tiore.

875 4118 912 4170 2*

73 2252 132 2330 quia
150 2253 255 2316 'lanais
278 2274 334 2316 nec
355 2255 391 2316 ad
413 2255 564 2335 Europam
586 2273 643 2315 nec
664 2255 700 2316 ad
722 2256 820 2317 Asiam
842 2247 1008 2335 pertineat'.
1042 2254 1121 2315 idem
1229 2256 1231 2261 '
