2720 4488
585 294 702 342 osnrrvs
1119 281 1178 346 177

960 396 972 420 r·
1040 404 1046 419 ι
1086 415 1096 425 ,.
1163 386 1168 399 ’
1217 406 1220 413 «
1250 418 1269 441 e,

18 458 21 463 ’
96 447 212 508 arsisse
234 446 304 508 satis
327 456 371 508 est
392 480 434 491 -
457 465 525 527 pars
548 456 637 525 quota
659 448 690 509 in
714 448 830 509 cineres
852 445 936 509 abitt
956 408 1128 517 mmihi
1151 439 1186 481 ω
1206 434 1282 527 ‘²³³3ss

98 533 170 593 dest
191 539 269 594 terra
292 531 423 606 tumulis,
447 531 504 593 iam
528 549 616 611 rogos
639 532 726 594 silvae
748 540 866 613 negant.
975 509 1043 613 iit*
1060 498 1129 568 'Q
1145 485 1287 603 isius}

97 636 166 677 non
190 626 264 688 vota,
290 634 349 677 non
373 635 421 678 ars
445 617 502 677 ulla
525 626 679 697 correptos
700 618 813 679 levant:
907 668 909 673 ,

97 702 214 763 cadunt
236 702 398 776 medentes,
421 702 544 763 morbus
566 703 707 763 auxilium
729 703 828 764 trahit.
1149 711 1179 761 to

191 787 319 848 Adfusus
342 787 400 847 aris
422 786 573 867 supplices
596 788 685 848 tendo
708 806 813 849 manus

97 880 218 933 matura
240 890 369 952 poscens
392 872 458 945 tata,
481 889 669 952 praecurram
692 883 724 933 ut
746 873 831 952 prior

97 957 228 1035 patriam
251 966 387 1019 ruentem
411 975 483 1018 neve
505 966 573 1036 post
596 975 699 1019 omnes
721 957 820 1019 cadam

59 1087 61 1092 .
97 1042 230 1121 fiamque
253 1042 337 1121 regni
360 1043 450 1103 sunus
473 1052 635 1103 extremum
658 1042 725 1102 mei.

98 1146 117 1185 o
142 1145 228 1187 saeva
252 1128 375 1188 nimium
400 1127 531 1201 numina,
555 1146 572 1187 o
596 1130 686 1188 iatum
711 1127 812 1205 gravei

98 1221 230 1290 negatur
252 1213 304 1272 uni
327 1231 433 1290 nempe
455 1212 486 1272 in
509 1212 566 1272 hoc
588 1213 700 1292 populo
723 1211 795 1272 mihi

98 1314 184 1358 mors
208 1307 264 1357 tam
288 1294 410 1376 parata?
444 1315 553 1376 sperne
575 1296 653 1358 letali
677 1315 767 1357 manu

100 1390 237 1443 contacta
259 1400 360 1459 regna,
382 1380 486 1460 linque
508 1382 653 1458 lacrimas,
675 1384 791 1457 funere,
892 1428 896 1441 ,

100 1465 218 1549 tabifica
241 1467 313 1528 caeli
335 1466 403 1527 vitia
425 1484 501 1546 quae
523 1475 621 1528 tecum
643 1467 758 1528 invehis
792 1440 957 1585 Meet&

100 1551 250 1612 infaustus
272 1553 391 1631 hospes,
415 1552 542 1631 profuge
563 1552 732 1613 iamdudum
755 1551 839 1612 ocius
861 1583 903 1594 —-

100 1636 147 1697 vel
169 1637 205 1698 ad
228 1649 375 1716 parentes.

371 1722 404 1855 f(
419 1775 423 1789 ¹
461 1771 623 1834 rocisrn

945 1620 952 1637 9

381 1902 383 1906 ’
409 1891 486 1962 Quid
509 1892 597 1966 iurat,
619 1890 761 1960 coniunx,
782 1890 859 1951 maia

103 1993 223 2053 gravare
245 1974 375 2054 questu?
406 1976 520 2055 regium
542 1976 610 2036 hoc
621 1976 720 2054 ipsum
743 1992 824 2036 reor:

102 2061 221 2122 adversa
244 2078 359 2140 capere,
382 2079 502 2140 quoque
524 2061 563 2121 sit
584 2060 691 2121 dubius
714 2061 809 2139 magis

103 2152 248 2219 statuset
269 2139 401 2207 cadentis
423 2147 528 2227 imperi
552 2145 645 2206 moles
667 2144 753 2219 labet,

102 2230 160 2291 hoo
182 2237 260 2292 stare
283 2240 363 2292 certo
386 2232 519 2310 pressius
541 2232 646 2291 sortem
669 2230 779 2309 gradu:

102 2314 180 2376 haud
204 2325 249 2375 est
271 2315 352 2376 virile
374 2325 457 2395 terga
480 2315 629 2377 Fortunae
652 2316 730 2376 dare.

104 2418 169 2459 ono.
213 2399 304 2461 Abest
326 2402 442 2480 pavoris
466 2401 577 2474 crimen
600 2418 633 2461 ao
656 2399 801 2480 probrum
822 2398 939 2479 procul,

103 2484 254 2563 virtusque
277 2493 378 2545 nostra
401 2486 497 2547 nescit
519 2486 639 2563 ignavos
662 2493 774 2546 metus:

104 2569 128 2628 si
150 2568 206 2630 tela
229 2578 330 2631 contra
352 2571 462 2638 stricta,
486 2571 510 2631 si
533 2570 575 2630 vis
597 2570 715 2630 horrida

104 2652 240 2715 Mavortis
262 2654 293 2715 in
316 2674 363 2728 me
386 2665 486 2716 rueret
507 2689 549 2698 -
572 2655 711 2716 adversus
732 2654 813 2715 ieros

104 2737 195 2799 audax
218 2738 355 2817 Gigantas
378 2740 477 2802 obvias
499 2740 606 2802 ferrem
629 2758 744 2800 manus.
849 2750 852 2757 “

104 2841 158 2884 nee
180 2823 312 2902 Sphinga
335 2825 430 2886 caecis
453 2825 540 2886 verba
563 2832 730 2887 nectentem
753 2822 848 2883 modis

103 2908 179 2986 iugi:
203 2917 343 2970 cruentos
366 2910 438 2972 vatis
461 2909 598 2971 infandae
620 2909 674 2971 tuli

104 2991 193 3054 rictus
217 3003 245 3054 et
267 2993 368 3055 albens
391 2995 509 3056 ossibus
533 2995 643 3074 sparsis
666 2992 779 3066 solum;

105 3095 229 3156 cumque
251 3097 267 3139 e
289 3097 418 3158 superna
441 3098 515 3160 rupe
539 3080 596 3141 iem
618 3079 744 3159 praedae
765 3077 925 3163 imminens

105 3170 213 3242 aptaret
235 3163 294 3252 alas
316 3164 437 3227 verbera
461 3174 490 3225 et
512 3165 621 3226 caudae
644 3181 765 3225 movens

105 3247 177 3308 saevi
200 3247 295 3309 leonis
316 3267 399 3312 more
422 3250 594 3329 conciperet
616 3248 726 3323 minas,'

107 3349 218 3393 carmen
241 3335 380 3412 poposci:
405 3335 506 3396 sonuit
527 3334 709 3395 horrendum
732 3332 866 3415 insuper⁸

107 3434 244 3496 crepuere
266 3419 368 3501 malae,
392 3438 518 3499 saxaque
541 3418 696 3499 impatiens
719 3435 818 3478 morae
847 3422 884 3501 tf
900 3422 946 3457 *tt

99 3500 219 3589 ,revulsit
242 3498 351 3582 unguis
373 3506 484 3566 viscera
507 3513 665 3584 expectans
688 3521 769 3576 mea3
859 3494 873 3561 ‘i
1132 3504 1174 3555 ¹0⁰

184 3686 218 3736 69
235 3692 367 3752 corruptos
385 3690 404 3750 ς
473 3689 505 3739 72
525 3687 704 3753 procurramE
723 3687 820 3749 (ultera
839 3701 850 3736 r
867 3701 924 3750 sup.
943 3699 993 3735 ser.
1015 3685 1028 3735 1
1039 3687 1083 3742 mi
1137 3679 1169 3729 73

105 3750 182 3803 omnis
200 3751 225 3802 E
275 3757 307 3805 77
325 3755 375 3806 iam
393 3754 426 3805 Ε.
445 3782 478 3792 -
495 3755 584 3807 loetuti
601 3755 649 3805 sed
666 3770 748 3822 apro
767 3770 785 3806 u
804 3758 861 3806 lm.
880 3753 905 3804 Ε
957 3755 989 3805 ts
1008 3749 1169 3810 contractas

106 3821 134 3871 79
152 3818 250 3872 tabifica
270 3841 275 3872 :
295 3826 320 3873 ta
339 3838 374 3872 ex
397 3822 416 3872 ti
435 3824 592 3874 eubrtoator
609 3822 634 3873 Ε
680 3861 682 3866 .
720 3826 755 3875 84
772 3823 842 3876 labat
858 3823 884 3873 A
941 3822 1001 3874 ·85
1020 3818 1126 3886 gradum
1145 3813 1170 3863 Ε

104 3888 134 3938 99
150 3888 260 3955 ῐετοκς
346 3893 377 3943 91
402 3890 518 3957 gigantes
536 3893 561 3943 A
646 3893 679 3944 92
703 3890 837 3958 spineum
923 3891 955 3943 99
977 3889 1057 3955 pestis
1081 3888 1126 3939 int.
1144 3883 1169 3932 A

105 3956 255 4074 htsfpperha
274 3960 299 4007 A
368 3959 401 4011 96
419 3959 473 4010 ates
491 3961 523 4014 A.
548 3987 578 3997 -
604 3959 711 4012 caudam
729 3959 816 4025 Α(οβ
835 3959 859 4023 1,
878 3958 922 4024 37)
997 3959 1029 4009 97
1048 3960 1171 4009 concute·

105 4028 139 4074 ret

150 4115 243 4157 Senecae
256 4118 382 4169 tragoediae
395 4118 424 4161 ΙΙ.
738 4133 743 4143 ·
936 4113 966 4163 lt
