2652 4486
186 252 249 316 360
664 269 783 313 cessus

186 440 224 483 an
248 422 331 483 cedat
353 419 459 483 animis
480 429 591 483 temere
613 429 776 502 conceptus
797 422 888 483 lavor.

186 526 248 569 ssu.
301 505 473 587 Obsequere
495 506 595 588 potius
617 506 729 571 civibus
751 506 884 587 placidus
907 508 975 567 tuis.

185 610 252 654 usn.
296 590 371 655 Male
393 593 566 672 imperatur,
589 611 657 655 cum
680 591 757 672 regit
778 591 884 672 vulgus
906 592 1006 654 duces.

185 696 247 739 ssu.
298 676 376 739 Nihil
399 677 558 760 impetrare
581 696 648 740 oum
671 678 755 752 valet,
779 678 857 741 iuste
878 676 966 739 dolet.

184 781 250 825 unu.
295 763 469 843 Exprimere
490 762 537 825 ins
560 775 614 839 est,
637 766 716 826 lerre
738 763 818 843 quod
841 771 993 844 nequeunt
1015 763 1149 843 preces?

184 866 246 910 ssu.
295 847 409 928 Negare
431 849 539 911 durum
562 857 615 911 est.
661 868 727 911 usn.
772 847 940 929 Principem
964 849 1030 929 cogi
1054 849 1152 913 nolas.

184 951 246 995 ssu.
294 932 433 997 Remittat
455 934 529 1015 ipse.
573 953 641 998 nnn.
685 934 772 996 Fama
794 933 846 996 sed
868 933 975 997 victum
999 935 1084 996 leret

183 1038 246 1081 ssu.
293 1018 379 1081 Levis
401 1027 489 1100 atque
511 1037 593 1083 vana.
637 1038 704 1081 nna.
748 1019 795 1081 Sit
816 1019 895 1095 licet,
918 1021 1029 1082 multos
1051 1028 1148 1083 notat.

182 1122 244 1165 ssu.
293 1103 415 1166 Excelsa
438 1105 550 1167 metuit.
594 1124 661 1167 nen.
706 1104 772 1167 Non
795 1106 894 1167 minus
916 1105 1011 1186 carpit
1032 1114 1146 1168 tamen
1176 1178 1190 1191 .

182 1208 244 1251 snu.
292 1189 388 1252 Facile
410 1189 605 1271 opprimetur.
649 1188 753 1253 merda
774 1198 803 1253 te
826 1189 883 1253 divi
905 1192 997 1271 patris

181 1281 320 1354 aetasque
342 1275 458 1355 frangat
479 1275 625 1355 coniugis,
648 1274 781 1357 probitas
803 1276 909 1356 pudor.

180 1377 246 1420 usa.
292 1359 407 1424 Desiste
428 1360 557 1436 modern,
580 1361 636 1422 iam
660 1359 756 1441 gravis
779 1362 903 1423 nimium
926 1361 1008 1438 mihi,

180 1444 307 1507 instare:
330 1445 415 1508 liceat
437 1449 533 1509 lacere
555 1446 636 1526 qnod
658 1446 771 1509 Seneca
794 1445 950 1527 improbat.

181 1539 210 1593 et
232 1530 296 1611 ipsc
319 1530 457 1612 tpopnli
479 1539 545 1593 vota
568 1532 624 1594 iam
647 1532 761 1612 pridem
783 1549 896 1608 moror,

180 1633 247 1677 cum
270 1625 369 1697 portet
391 1626 476 1680 utero
500 1615 610 1698 pignus
632 1628 661 1680 et
682 1626 796 1698 partem
818 1619 886 1679 mei.

179 1702 252 1781 quin
276 1702 457 1765 destinamus
479 1702 647 1782 proximum
670 1701 805 1764 thalamis
828 1700 928 1765 diem?

468 1854 671 1918 AGRlPPthl

263 1956 382 2020 Tellure
405 1966 492 2037 rupta
514 1955 635 2020 Tartaro
659 1975 794 2037 gressum
817 1957 918 2033 extuli,

177 2043 306 2123 Stygiam
330 2051 452 2105 cruenta
475 2043 646 2123 praeferens
669 2043 769 2105 dextra
791 2044 885 2105 lacem

176 2128 310 2190 thalamis
333 2128 480 2190 scelestis:
505 2127 598 2191 nubat
620 2128 666 2190 his
688 2127 813 2190 flammis
834 2146 900 2189 meo

176 2213 313 2294 Poppaea
336 2221 405 2276 nato
428 2213 538 2287 iuncta,
562 2232 634 2293 quas
657 2213 763 2275 vindex
784 2231 889 2275 manus

176 2298 321 2379 dolorque
343 2298 444 2360 matris
466 2307 559 2360 vertet
580 2298 616 2360 ad
638 2298 738 2360 tristes
759 2317 858 2378 rogos.

176 2395 275 2446 manet
299 2384 377 2445 inter
402 2381 521 2446 umbras
544 2383 652 2463 impiae
675 2383 772 2446 caedis
793 2383 866 2445 mihi

174 2488 294 2550 semper
315 2469 467 2544 memoria,
490 2467 628 2531 manibus
651 2468 762 2532 nostris
785 2470 879 2548 gravis

173 2555 269 2617 adhuc
291 2553 410 2616 inultis:
439 2553 549 2615 reddita
573 2562 617 2616 est
638 2554 751 2618 meritis
773 2553 847 2616 meis

173 2641 290 2702 lunesta
311 2657 426 2702 merces
449 2639 560 2720 puppis
583 2650 612 2701 et
634 2640 763 2720 pretium
786 2639 892 2719 imperi

174 2745 234 2788 non
255 2725 305 2787 illa
328 2744 385 2806 qna
408 2724 561 2804 naufragia
584 2724 686 2787 deflevi
709 2742 791 2800 mea;

174 2812 315 2876 comitum
339 2828 442 2873 necem
465 2810 585 2890 natique
609 2810 737 2872 crudelis
760 2809 842 2872 nelas

173 2896 283 2958 deflere
304 2902 405 2958 votum
427 2896 524 2958 luerat
546 2930 588 2940 —
611 2896 689 2959 haud
710 2903 829 2976 tempus
852 2894 951 2956 datum
975 2902 1020 2955 est

171 2982 310 3057 lacrimis,
333 2982 384 3043 sed
407 2981 513 3060 ingens
536 2979 648 3043 scelere
671 2979 828 3059 geminavit
850 2980 942 3042 nelos.

171 3075 324 3148 perempta
347 3066 437 3140 ferro,
461 3066 545 3127 loeda
567 3065 739 3127 vulneribus
762 3084 861 3128 sacros

172 3153 249 3215 intra
272 3160 395 3233 penates
418 3152 554 3231 spiritum
578 3152 667 3213 elludi
691 3169 807 3231 gravem

170 3272 372 3281 ——m--a-a-

255 3341 303 3391 stt
324 3336 422 3388 animus
440 3333 497 3399 lvt
529 3337 576 3389 581
598 3350 620 3387 e.
637 3333 721 3386 vixit!
769 3337 819 3389 582
837 3333 948 3398 dirumt
999 3335 1048 3387 583
1066 3332 1258 3400 remittatzll]

168 3402 299 3475 permittat
317 3404 373 3457 ΦΛ.
390 3432 425 3442 -
442 3401 487 3455 sed
505 3403 564 3456 vict.
584 3403 650 3455 lama
669 3404 686 3456 l.
703 3406 727 3454 Φ
744 3401 761 3455 l.
775 3402 911 3456 servitium
929 3401 1023 3453 leretO
1075 3403 1126 3454 nst
1146 3405 1256 3468 erarico
1311 3452 1312 3455 ,

169 3478 216 3529 585
236 3474 336 3541 frangat
354 3472 418 3536 ΜΠ]
436 3472 519 3539 lragat
536 3470 565 3524 N
580 3472 699 3539 frangant
717 3470 792 3521 ΦΔΗ
851 3473 907 3525 599
926 3485 958 3522 en
979 3468 1020 3521 Τί.
1038 3498 1071 3507 -
1090 3474 1153 3521 nota
1171 3475 1207 3521 Σ.
1223 3501 1255 3510 -

167 3545 217 3596 iam
237 3559 287 3596 om.
296 3542 341 3593 11¹.
359 3570 393 3580 -
410 3541 550 3607 Poppaeae
559 3556 655 3594 nomon
666 3539 816 3591 deciderant
827 3545 853 3590 et
869 3554 974 3591 uersum
986 3541 1026 3589 sic
1043 3537 1100 3598 sere
1112 3538 1254 3605 ratingen·
1311 3596 1312 3605 ἵ

169 3612 232 3664 dum
250 3627 305 3663 esse
321 3609 499 3661 Buocdelarus
518 3609 597 3661 oidtt:
621 3606 785 3676 iampridem
809 3612 836 3659 et
857 3607 913 3675 ipsc
931 3612 991 3659 vota
1009 3606 1147 3673 Poppaeae
1165 3623 1255 3660 moror
1311 3614 1312 3635 l

168 3681 273 3749 (populi
289 3684 351 3731 voto
376 3678 413 3728 cd
432 3677 535 3745 protam
561 3676 703 3729 Yreoctlrus
725 3676 839 3742 refero·
887 3677 935 3728 591
955 3689 985 3727 ac
1004 3678 1027 3725 Φ
1097 3676 1148 3726 593
1168 3679 1253 3728 inser.

167 3748 306 3817 Agrippina
325 3751 406 3800 mater
423 3745 531 3798 Neronis
548 3745 648 3810 NQOH
668 3750 749 3797 mater
771 3743 873 3798 neronis
892 3760 912 3796 s.
933 3743 1065 3811 agrippina
1090 3742 1117 3793 Μ
1141 3745 1252 3813 agrippa

167 3822 251 3871 mater
260 3815 367 3869 Neronis
380 3813 403 3867 T
417 3813 554 3882 Antigona.
573 3813 683 3867 Ottavia.
718 3813 827 3867 societas
845 3811 1052 3865 RomanorumD
1096 3812 1148 3864 596
1166 3827 1251 3879 pepea

167 3886 190 3937 L
208 3883 355 3954 poppeiaT
405 3886 453 3937 699
471 3881 570 3935 reddita
588 3886 614 3936 et
630 3881 727 3935 meritis
746 3878 1143 3935 coddcorreoettlluecdetcrus
1198 3885 1250 3934 tot

167 3950 704 4015 noxntvoxzdssettt.ras.1m.
775 3954 824 4006 699
843 3949 986 4002 crudelem
1056 3950 1106 4001 606
1125 3946 1209 4001 sacris
1227 3951 1251 3998 Σ

167 4025 214 4073 697
233 4021 339 4071 interL
743 4052 746 4059 »
