2720 4488
190 190 250 259 128
571 213 599 254 ι.
621 213 727 257 eunom
748 212 876 259 mucan

189 382 273 426 cnon.
317 363 381 436 Qua
403 363 505 426 fraude
528 360 628 443 eapti?
714 382 799 425 uvur.
833 364 897 437 Qua
919 363 1015 426 solent
1037 383 1122 445 reges
1144 366 1224 447 oapi:

190 449 287 513 donis.
374 467 459 510 cnon.
492 448 527 510 In
550 446 609 509 iilis
631 466 696 510 esso
719 449 786 528 quis
808 450 907 529 potuit
928 447 1064 531 dolosis

189 553 273 595 uror.
321 533 360 595 Et
381 534 445 614 ipso
467 533 560 594 miror
581 533 687 614 vixque
709 533 766 595 iam
787 533 866 596 sacto
887 532 964 596 malo

189 618 323 700 potuisse
344 619 409 682 deri
431 618 529 681 oredo.
574 618 642 698 quis
664 617 754 681 eladis
776 617 905 681 modus?

189 704 290 767 aridus
312 721 506 784 peromnem
529 704 627 783 regiae
649 713 762 784 partem
784 704 858 767 furit

189 796 224 851 ut
245 789 344 852 iussus
366 788 461 869 ignis:
485 789 543 851 iam
565 789 670 851 domus
692 797 753 853 tota
775 789 893 864 oceidit,

190 873 259 937 urbi
279 874 410 938 timetur.
497 892 581 936 onon.
614 873 697 936 Vnda
719 873 850 935 dammas
872 875 1029 955 opprimat.
1106 914 1110 924 ·

190 978 274 1021 nvnr.
321 961 359 1027 Et
380 960 438 1022 hoo
460 959 492 1021 in
514 959 569 1021 ista
593 958 674 1021 dade
696 959 863 1021 mirandum
886 958 1007 1023 occidite

190 1043 242 1107 alit
263 1046 341 1107 undo
363 1050 510 1118 dammas,
532 1062 654 1124 quoque
675 1043 851 1125 prohibetur
872 1046 975 1125 magis,
1082 1069 1086 1080 ·

190 1129 284 1213 magis
305 1130 388 1194 ardet
409 1129 503 1210 ignis:
526 1130 591 1210 ipsa
612 1129 757 1209 praesidia
779 1138 917 1211 occupat.

479 1297 623 1360 ernlx

276 1401 356 1464 Effer
380 1401 501 1463 citatum
524 1401 594 1462 sede
615 1399 742 1481 Pelopea
766 1402 898 1482 gradum,

193 1488 311 1565 Medea,
333 1504 477 1568 praeeeps
499 1485 645 1566 quaslibet
666 1496 758 1548 terras
780 1496 858 1567 pete.

483 1646 615 1719 nuum

278 1759 383 1839 Egone
405 1765 439 1820 ut
460 1755 618 1820 recedant
641 1756 666 1820 si
689 1759 889 1839 profugissem
911 1758 1007 1839 prins,

193 1846 230 1908 ad
251 1844 310 1906 hoo
332 1843 470 1906 redirem.
514 1843 634 1923 nuptias
656 1852 759 1924 specto
781 1862 881 1906 novas.

194 1930 282 2011 quid,
304 1930 419 2006 anime,
442 1927 560 1990 oessasd
581 1947 708 2008 sequere
728 1929 845 1992 felicem
867 1930 1021 2009 impetum.

195 2034 264 2096 pars
286 2014 409 2077 ultionis
429 2013 499 2090 ista,
523 2032 580 2093 qua
603 2014 728 2093 gaudes,
751 2023 841 2094 quota
863 2012 930 2076 est?

194 2119 274 2163 amas
295 2100 409 2176 adhue,
430 2099 558 2174 furiose,
581 2099 606 2161 si
628 2099 699 2161 satis
720 2100 839 2165 esttibi

196 2185 310 2249 caelebs
331 2184 429 2246 lason.
473 2203 582 2264 quaere
603 2203 770 2265 poenarum
790 2203 886 2264 genus
1001 2212 1005 2219 ·

74 2300 119 2325 ω
132 2294 142 2329 ¹.
195 2272 267 2337 haut
288 2270 427 2349 usi-tatum
449 2269 567 2347 iamque
589 2271 632 2331 sio
654 2280 744 2333 temet
766 2288 852 2350 para:

195 2357 239 2418 tas
262 2373 350 2417 omne
373 2355 471 2429 cedat,
494 2354 579 2415 abeat
599 2354 741 2437 expulsus
763 2355 877 2434 pudor3

194 2441 321 2503 vindicta
343 2440 415 2502 levis
437 2449 482 2501 est
503 2457 591 2518 quam
613 2440 715 2501 ierunt
737 2458 829 2520 purae
851 2458 966 2505 manus.

196 2525 336 2588 incumbe
358 2526 388 2586 in
412 2524 470 2586 iras
491 2532 581 2603 teque
601 2524 792 2605 languentem
814 2525 908 2588 exeita

195 2612 376 2692 penitusque
398 2618 510 2672 veteres
533 2619 653 2689 pectore
675 2629 712 2672 ex
734 2610 793 2672 imo
816 2610 945 2691 impetus

73 2734 75 2741 ι
195 2696 344 2759 violentus
364 2695 461 2760 hauri.
505 2695 647 2775 quidquid
670 2694 831 2758 admissum
853 2707 898 2759 est
919 2696 1025 2772 adhue,

197 2783 291 2863 pietas
314 2791 445 2843 vocetur.
488 2779 547 2841 hoo
568 2798 623 2861 age
644 2791 674 2842 et
693 2781 768 2844 fanis
790 2781 885 2845 sciant
1226 2788 1270 2839 995

198 2885 286 2948 quam
307 2865 381 2951 levia
403 2864 516 2927 fuerint
537 2884 687 2945 quamque
708 2865 835 2947 vulgaris
857 2873 945 2941 notae
964 2881 1052 2931 “omo

198 2971 274 3032 quae
296 2950 477 3012 commodavi
500 2951 621 3013 seelera.
665 2948 794 3033 prolusit
815 2950 901 3014 dolor
957 2964 1094 3043 tw

197 3056 253 3116 per
274 3038 329 3099 ista
350 3044 467 3097 noster:
490 3035 563 3115 quid
584 3054 691 3099 manus
712 3045 850 3118 poterant
871 3037 968 3099 rudes-
1065 3024 1097 3049 ‘²‘

197 3122 307 3184 audere
328 3118 493 3200 magnum?
515 3122 586 3200 quid
608 3120 749 3201 puellaris
772 3119 878 3184 furor?

197 3206 299 3270 Medea
321 3224 404 3268 nuno
426 3224 510 3281 sum;
533 3206 625 3268 erevit
645 3205 801 3285 ingenium
822 3205 916 3269 malis.
1227 3214 1273 3266 910

96 3300 100 3301 ’
283 3292 380 3367 durat,
403 3290 483 3352 iuvat
503 3292 639 3370 rapuisse
660 3292 824 3353 fraternum
846 3300 951 3373 eaput;

199 3385 280 3440 artus
302 3377 382 3438 iuvat
403 3377 534 3438 secuisse
557 3384 586 3437 et
608 3394 716 3438 aroano
739 3384 853 3456 patrem
972 3388 975 3393 ’

199 3461 342 3545 spoliasse
364 3479 462 3538 sacro,
483 3462 563 3524 iuvat
583 3461 614 3523 in
638 3461 759 3524 exitium
785 3461 865 3524 senis

1112 3000 1172 3067 'mh
1196 3032 1218 3047 ω
1245 3004 1295 3063 ..J

285 3683 335 3736 882
354 3687 425 3732 totus
443 3681 524 3732 odoro
542 3680 625 3732 dator
641 3678 667 3730 Ε
726 3682 776 3734 884
789 3695 832 3747 qu.
851 3680 883 3733 eL
902 3695 936 3733 ιιι,
955 3682 1037 3733 odoro
1056 3681 1179 3732 mouent
1196 3675 1270 3732 codd.

199 3754 309 3804 omaus·
360 3752 421 3809 881,
428 3764 559 3816 perronae
575 3754 667 3801 notem
685 3763 738 3803 om.
753 3748 780 3799 Ε
831 3751 881 3803 89Ἰ
895 3748 993 3803 furiosa
1010 3748 1088 3803 codd
1106 3748 1268 3812 commus.

199 3835 224 3872 o.
241 3819 304 3881 904)
373 3819 423 3871 899
441 3817 534 3870 haustu
552 3816 700 3870 nitatumdd
768 3818 817 3870 991
836 3832 932 3884 parvae
950 3832 1041 3871 monus
1058 3816 1084 3868 A
1152 3819 1203 3870 904
1219 3818 1272 3868 vio-

194 3887 296 3941 ‚tonnus
311 3888 340 3951 ς.
355 3894 389 3924 -·-
407 3884 474 3939 adm.
494 3884 552 3939 adh.
570 3891 611 3939 est
627 3885 661 3937 E.
719 3887 770 3938 905
787 3885 846 3937 taxo
864 3886 941 3939 oodd.
959 3889 1070 3939 corrono·
1134 3888 1183 3940 999
1202 3900 1272 3954 prae·

199 3951 297 4016 lusit&
366 3954 415 4004 912
434 3956 504 4005 ortus
521 3953 547 4004 Ε
615 3954 665 4006 913
683 3952 800 4008 exitium:
819 3954 932 4011 atteram
949 3954 958 4007 i
976 3952 1207 4013 addi-md
