2658 4488
565 194 707 240 rnrnsttts

96 343 201 407 animo
224 344 317 422 magis
339 361 427 424 quam
448 363 520 406 voce
541 344 651 407 landari
674 345 763 411 volst.

98 448 168 490 nnn.
212 428 290 490 Laus
311 447 377 490 vora
399 440 429 489 et
450 430 553 493 humili
575 449 663 511 saepe
685 432 831 511 contingit
852 436 925 509 viro,

99 533 164 575 non
187 512 245 575 nisi
267 513 383 593 potenti
404 514 484 577 lalsa.
528 517 607 596 quod
630 516 737 578 nolunt
756 519 857 581 velint.

98 617 163 660 sar.
209 597 271 659 Rex
292 598 362 660 velit
381 599 518 661 honesta:
543 618 630 662 nemo
653 619 715 663 non
738 603 839 666 eadem
861 605 947 667 volet.

98 702 167 744 anu.
211 682 394 764 Vbicumque
414 693 530 747 tantum
552 686 675 748 honesta
697 687 861 751 dominanti
883 689 983 768 licent,

99 768 236 848 precario
257 779 406 847 regnatur.
455 789 515 830 sar.
558 770 613 832 Vbi
637 789 697 832 non
721 782 765 834 est
786 776 882 855 pudor

100 872 159 915 nec
181 871 251 915 cura
273 854 345 915 iuris
367 854 505 916 sanctitas
527 856 726 935 platanium,

99 938 239 1001 instabile
261 956 386 1017 regnum
409 950 462 1001 ost.
505 959 570 1000 tro.
615 940 760 1003 Sanctitas
783 943 875 1023 pietas
897 945 969 1008 fides

100 1024 213 1104 privata
234 1022 312 1085 bona
335 1031 420 1100 sunt;
444 1043 501 1104 qua
523 1026 602 1087 iuvat
623 1044 709 1106 reges
731 1037 807 1088 eant.
838 1082 845 1099 ,

99 1127 163 1169 sur.
206 1107 295 1170 Nelas
316 1126 424 1170 nocere
445 1110 491 1170 vel
512 1108 589 1170 malo
612 1111 693 1172 lintri
715 1120 796 1191 puta.

79 1195 168 1254 ‘'arn.
207 1193 263 1255 Fas
285 1202 329 1256 est
349 1194 381 1255 in
403 1193 454 1254 illo
477 1194 619 1275 quidquid
643 1195 674 1256 ia
697 1196 786 1258 tratre
808 1206 852 1259 est
872 1200 965 1262 netas.

102 1278 173 1357 quid
197 1280 275 1339 enim
298 1279 418 1358 reliquit
439 1279 565 1343 crimine
586 1278 729 1341 intactum
750 1290 801 1342 aut
822 1282 874 1343 ubi

101 1363 206 1426 sceleti
230 1361 385 1444 pepercit?
415 1364 572 1443 coniugem
594 1376 699 1444 stupro
721 1366 842 1428 abstulit

100 1467 287 1529 regnumque
308 1450 403 1510 lurtoz
426 1450 577 1529 spumeo
599 1451 755 1529 antiquum
777 1451 882 1532 imperi

100 1533 205 1596 fraude
226 1544 271 1595 est
291 1533 425 1614 adeptus,
447 1534 549 1595 fraude
570 1534 697 1596 turbavit
718 1537 847 1598 domum.

101 1629 145 1679 est
168 1617 288 1699 Pelopis
306 1618 375 1680 altis
395 1618 494 1680 nobile
515 1619 546 1680 in
566 1618 688 1681 stabulis
709 1639 811 1701 pecus,

99 1721 226 1765 arcanus
247 1704 333 1778 aries,
354 1705 459 1766 ductor
481 1704 615 1784 opulenti
636 1708 742 1784 gregis.

101 1789 191 1850 huius
212 1807 266 1869 per
287 1806 375 1850 omne
396 1808 506 1870 corpus
528 1789 621 1851 effuso
643 1808 726 1851 coma

102 1874 257 1954 dependet*
270 1892 352 1949 auro,
375 1875 460 1935 ouius
482 1893 499 1935 e
519 1875 639 1953 ltergo
662 1876 730 1937 novi

101 1970 201 2021 aurata
221 1977 307 2038 reges
329 1967 444 2038 sceptra
465 1958 606 2020 Tantalici
629 1971 752 2042 gerunt3

102 2062 256 2125 possessor
276 2044 365 2106 huius
386 2052 500 2123 regnat,
521 2046 603 2106 huno
623 2054 721 2107 tantae
743 2046 848 2107 domus

100 2129 218 2191 tomum
240 2128 383 2208 sequitur.
427 2139 489 2191 tuta
512 2129 640 2209 seposita
663 2149 745 2193 sacer
822 2192 826 2201 ,

101 2216 132 2275 in
155 2224 236 2295 parte
259 2215 354 2294 carpit
376 2223 468 2295 prata,
491 2233 567 2295 quae
589 2216 698 2277 claudit
721 2214 795 2297 lapis

100 2301 186 2361 latale
208 2317 295 2361 saxeo
317 2317 460 2379 pauonum
482 2317 568 2360 moro
591 2309 703 2380 tegens.

100 2386 181 2447 hunc
203 2385 317 2447 lacinus
338 2385 444 2463 ingens
466 2402 556 2446 ausus
576 2395 726 2466 assumpta
749 2386 779 2446 in
801 2387 900 2448 scelus

101 2479 239 2532 consorte
260 2469 352 2531 nostri
375 2469 505 2549 pertidus
526 2470 646 2532 thalami
666 2470 771 2532 avehit.

101 2555 171 2618 hino
192 2573 281 2617 omne
302 2553 392 2617 cladis
414 2567 533 2615 mutuae
554 2556 639 2616 lluxit
659 2555 785 2616 malum:

102 2660 155 2721 per
175 2658 266 2719 regna
288 2640 421 2719 trepidus
442 2639 509 2700 exul
531 2641 624 2701 erravi
645 2658 720 2713 mea,

101 2744 169 2806 pars
191 2724 270 2787 nulla
292 2724 409 2803 generis
431 2734 493 2786 tuta
515 2725 552 2785 ab
574 2724 688 2785 insidiis
709 2731 800 2797 vacat,

96 2821 238 2891 corrupta
261 2809 401 2881 coniunx,
423 2808 528 2890 imperi
551 2826 656 2889 quassa
678 2818 723 2870 eat
745 2808 827 2883 fides,

101 2897 206 2958 domus
226 2913 324 2974 aegra,
345 2894 453 2956 dubius
474 2895 595 2973 sanguis
617 2904 661 2954 est
681 2926 724 2937 -
746 2893 818 2954 certi
842 2892 915 2954 nihil

102 2982 158 3042 nisi
179 2981 269 3042 trater
289 2979 392 3041 hostis.
437 2979 506 3059 quid
529 2976 652 3060 stupes?
685 2978 803 3040 tandem
826 2979 925 3059 incipe
1010 3016 1013 3021 »

101 3066 273 3145 animosque
294 3082 393 3126 sume:
416 3063 572 3125 Tantalum
595 3075 625 3125 et
645 3063 785 3143 Pelopem
808 3064 922 3144 aspioe;

102 3152 137 3212 ad
158 3152 231 3212 haec
251 3168 357 3211 manus
378 3148 511 3229 exempla
537 3158 703 3230 poscuntur
723 3166 814 3209 meae.

101 3237 227 3317 profare,
249 3235 346 3296 dirum
369 3252 427 3314 qua
449 3245 538 3315 caput
557 3244 682 3296 mactem
705 3235 759 3294 via.

185 3454 321 3506 tlt-228
345 3455 379 3517 (o.
398 3451 449 3505 229
467 3454 563 3517 incipit
584 3450 605 3512 f.
624 3449 698 3513 122⁰)
717 3449 823 3499 litterae
846 3447 977 3512 quaedam
1000 3451 1030 3499 in
1048 3464 1171 3499 uersuum

103 3521 198 3582 finibus
216 3535 276 3570 oum
292 3521 400 3572 scholiis
417 3520 536 3571 detersae
554 3524 579 3568 ot
602 3518 663 3571 Tm.
682 3523 826 3567 renovatae
844 3515 903 3578 (211
921 3515 984 3579 viro,
1001 3515 1053 3568 213
1070 3524 1099 3579 -t
1120 3517 1171 3570 214

102 3592 165 3650 -ent,
181 3587 304 3652 220413,
321 3587 373 3642 228
389 3592 419 3638 in
429 3604 480 3638 oro
493 3587 585 3649 infimo
598 3588 686 3651 magle
697 3585 808 3651 reliquie
826 3583 914 3635 laotos
920 3600 932 3646 ,·
948 3590 1076 3635 renovato
1088 3586 1171 3653 epend

103 3664 174 3707 aton
190 3663 218 3707 at
234 3672 265 3723 g,
282 3673 317 3707 aaa
334 3671 395 3709 auro
412 3656 516 3717 formet
534 3655 597 3717 viro)
667 3656 716 3707 219
734 3651 840 3720 putoE
868 3685 871 3691 -
908 3653 956 3704 221
976 3651 1090 3718 reliquit:
1109 3661 1172 3703 tan

103 3724 119 3775 d
136 3729 154 3775 ι’.
171 3740 224 3777 ηε.
242 3723 302 3776 2m.
321 3725 353 3776 12.
406 3727 455 3776 stt
474 3723 559 3775 inluso
576 3722 601 3773 A
653 3723 703 3773 228
722 3723 825 3771 enniani
842 3723 923 3771 tracto
941 3722 1022 3785 (texto
1040 3720 1073 3771 da
1086 3722 1172 3773 tha-

101 3794 218 3858 monto)
238 3798 339 3859 tergore
362 3807 393 3845 ex
410 3792 485 3844 lunius
508 3790 621 3842 Botlu‘us
701 3791 750 3843 233
763 3802 842 3840 ,θεῖτο
860 3790 885 3839 Α
970 3791 1018 3840 237
1037 3789 1131 3840 erravit
1147 3791 1172 3839 A

101 3862 151 3914 238
168 3876 193 3926 p.
214 3874 242 3912 n.
264 3862 345 3913 nostri
362 3861 387 3912 A
455 3862 506 3912 2t2
523 3858 658 3924 animoque
680 3871 752 3909 sume
769 3855 799 3908 T.
816 3857 842 3908 A
860 3855 895 3917 ef.
913 3856 934 3921 1,
952 3856 986 3908 39
1054 3858 1105 3910 244
1122 3857 1173 3909 iac-

103 3927 194 3980 tetuli
