2648 4478
675 707 757 786 11.¹t

260 1026 304 1089 Ne
326 1027 374 1089 cui
401 1026 437 1088 de
464 1026 577 1087 ratione
603 1027 683 1089 inter
702 1026 861 1090 Etruscum
887 1044 1081 1106 meorumque
1108 1025 1265 1088 librorum

175 1113 273 1192 bigam
302 1111 506 1174 intercedente
532 1111 661 1191 turpiter
685 1129 800 1173 errasse
824 1111 985 1173 videar-
1011 1128 1194 1192 quamquam
1224 1128 1265 1171 ne

175 1197 303 1277 turpiter
326 1196 443 1276 quidem
467 1214 581 1258 errasse
604 1203 662 1258 tam
682 1213 771 1275 aegre
792 1214 931 1275 umquam
951 1196 1066 1261 laturus
1095 1213 1187 1275 quam
1213 1194 1265 1256 in-

175 1282 292 1343 tellecto
323 1299 424 1343 errore
453 1281 569 1358 gavisus
598 1299 663 1342 snm
689 1281 800 1342 -cis
829 1281 966 1342 ellectum
996 1282 1032 1343 iri
1058 1299 1146 1361 spero
1177 1297 1264 1359 quae

176 1367 212 1428 de
241 1365 404 1428 Etrusco
433 1365 534 1427 codice
563 1383 638 1427 nova
663 1365 770 1428 docere
799 1384 932 1446 possum.
979 1385 1067 1446 quem
1095 1373 1194 1427 totum
1221 1364 1264 1426 ita
1310 1432 1311 1435 Ἴ

176 1451 293 1513 excussi
315 1458 349 1512 ut
371 1451 394 1511 si
418 1449 486 1529 quis
508 1451 634 1513 eundem
657 1468 763 1512 rursus
785 1451 865 1512 adire
886 1451 965 1513 volet
986 1469 1048 1512 non
1071 1448 1162 1511 multa
1178 1468 1262 1530 quae

176 1536 356 1615 neglexerim
386 1535 561 1596 inventurus
587 1536 634 1598 sit.
653 1592 659 1606 ,
678 1536 736 1596 boc
757 1543 790 1597 ut
811 1535 958 1615 spondere
981 1536 1093 1616 possim
1115 1542 1200 1596 certe
1225 1551 1262 1595 eo

176 1620 363 1702 potissimum
391 1620 528 1682 ellectum
559 1628 603 1683 est
631 1620 710 1700 quod
738 1618 895 1682 lectionem
923 1639 939 1681 a
969 1620 1117 1682 Gronovio
1147 1619 1261 1681 Petere

176 1706 300 1785 aliisque
316 1725 350 1768 ex
367 1705 470 1768 eodem
485 1705 587 1767 codice
602 1712 747 1767 enoutam
764 1722 872 1785 operae
893 1722 975 1766 meae
997 1704 1135 1766 adbibere
1158 1704 1260 1784 potui.
1310 1714 1311 1771 ᾖ

176 1798 206 1851 at
227 1792 252 1850 si
275 1790 391 1852 mireris
416 1808 462 1850 me
484 1790 676 1852 affirmantem
700 1800 767 1870 post
786 1797 831 1851 tot
851 1789 980 1852 virorum
997 1789 1151 1851 doctorum
1167 1806 1261 1850 curas
1310 1808 1311 1827 ³

177 1893 260 1937 nunc
287 1875 406 1936 demum
436 1880 514 1935 certa
543 1893 590 1936 me
615 1875 651 1936 de
675 1874 786 1954 optimo
806 1873 882 1935 libro
912 1874 1113 1954 prolaturum,
1135 1874 1261 1936 Grono-

175 1959 255 2019 vium
280 1959 382 2020 credas
407 1977 475 2019 cum
499 1958 613 2021 levitate
638 1958 803 2020 incredibili
830 1959 861 2020 in
887 1958 1110 2039 promulgandis
1135 1957 1260 2020 Etrusci
1310 2018 1311 2021 ,

177 2043 333 2123 scripturis
348 2053 493 2105 versatum
513 2063 577 2106 esse
585 2062 593 2120 ;
610 2044 734 2106 Peterus
746 2052 842 2105 autem
855 2062 911 2105 nec
922 2044 986 2124 ipse
998 2043 1068 2105 satis
1083 2043 1261 2126 diligentem
1310 2050 1311 2099 ξ

175 2127 247 2190 huic
271 2128 347 2189 libro
376 2147 496 2209 operam
524 2128 637 2191 navarit
670 2140 700 2192 et
727 2128 845 2190 schedis
875 2128 938 2191 eius
961 2128 1088 2192 editores
1109 2145 1259 2209 perquam

177 2212 327 2274 incuriose
348 2214 395 2275 usi
417 2219 497 2275 sunt.
1310 2218 1311 2271 ξ

265 2306 353 2376 atque
367 2315 428 2359 non
445 2317 504 2360 una
525 2296 729 2378 quamprimo
748 2296 814 2358 loco
835 2297 923 2376 posui
937 2298 1052 2360 ratione
1074 2297 1202 2358 inducor
1226 2306 1260 2358 ut
1310 2362 1311 2375 p

180 2399 256 2461 quae
270 2382 307 2443 ad
326 2381 516 2461 corrigendas
538 2382 574 2444 de
589 2383 716 2444 Etrusco
738 2382 825 2444 salsas
845 2382 1002 2461 opiniones
1022 2383 1054 2444 in
1075 2381 1179 2461 primis
1201 2400 1258 2442 ne·
1310 2396 1311 2407 ¹

180 2467 306 2527 cessaria
320 2467 474 2528 videantur
489 2485 549 2528 non
570 2485 717 2529 reservem
739 2465 796 2547 ipsi
818 2467 1034 2545 tragoediarum
1057 2466 1179 2528 editioni
1186 2484 1195 2542 3
1220 2466 1258 2528 ab
1310 2466 1311 2473 ’

178 2551 227 2612 illa
249 2570 356 2632 nempe
376 2553 555 2631 superfluam
578 2552 824 2632 qualemcumque
844 2558 874 2612 et
888 2552 1012 2614 inertem
1028 2551 1135 2613 molem
1154 2569 1258 2613 arcere

180 2644 293 2719 certum
309 2644 363 2698 est.
396 2636 457 2697 scio
473 2644 581 2711 autem,
604 2636 663 2698 nisi
678 2636 714 2698 de
729 2636 912 2713 gravioribus
927 2638 1030 2699 saltem
1051 2636 1130 2697 viros
1152 2636 1259 2698 doctos

179 2721 321 2783 certiores
335 2722 466 2799 fecerim,
489 2722 673 2783 sescentiens
694 2728 868 2783 eventurum
890 2731 924 2782 ut
944 2721 1053 2783 diserte
1075 2722 1161 2783 fidem
1184 2739 1259 2801 pro·
1310 2802 1311 2805 Ἴ

178 2806 266 2883 fiteri,
288 2807 408 2869 testium
424 2806 589 2869 dissensum
605 2806 774 2883 diiudicare,
797 2813 982 2868 constantem
999 2806 1128 2886 deniqne
1144 2813 1172 2867 et
1188 2806 1257 2867 inu·
1310 2878 1311 2881 Ἴ

179 2891 260 2953 tilem
274 2890 474 2954 Teubneriani
486 2891 661 2972 exemplaris
671 2891 816 2953 rationem
831 2890 938 2953 babere
954 2909 1052 2971 cogar.
1077 2892 1177 2971 itaque
1193 2909 1256 2952 non

179 2974 265 3055 plura
280 2975 316 3036 de
331 2977 433 3038 codiee
448 2978 560 3057 optimo
578 2976 706 3038 monebo
729 2994 818 3055 qnam
838 2976 922 3037 utin
944 2975 1073 3037 editione
1095 2993 1257 3056 quaecum·
1310 2976 1311 3023 ἴ

180 3077 238 3138 que
254 3060 333 3121 nude
348 3078 477 3140 posuero
493 3080 554 3123 non
570 3060 756 3122 dubitaturus
777 3061 818 3122 sis
840 3061 913 3141 quin
936 3079 969 3122 re
989 3078 1057 3123 vera
1077 3060 1108 3122 in
1128 3060 1256 3123 Etrusco
1310 3094 1311 3129 3

179 3142 330 3222 legantur,
352 3162 409 3205 nec
424 3146 517 3223 magis
539 3144 643 3223 quina
664 3145 815 3225 prioribus
835 3147 989 3208 oculorum
1010 3145 1148 3208 iudiciive
1168 3145 1257 3225 culpa
1310 3216 1311 3219 Ἴ

179 3227 222 3289 illi
237 3227 344 3289 iniuria
358 3228 469 3290 tributa
484 3229 544 3290 sint
558 3247 634 3308 quae
649 3231 786 3292 omisero.
1310 3240 1311 3243 ’

264 3313 394 3392 primum
409 3313 499 3393 igitur
520 3314 600 3394 quod
615 3315 650 3376 ad
671 3316 728 3378 sata
747 3314 857 3377 codicis
878 3325 947 3395 post
968 3322 1070 3377 renata
1091 3313 1255 3376 litterarum
1310 3364 1311 3369 ,

179 3398 276 3460 studia
291 3398 410 3474 attinet,
433 3417 501 3461 eum
517 3399 548 3460 in
569 3419 671 3462 eorum
688 3418 813 3462 numero
833 3399 928 3463 luisse
950 3400 1001 3480 qui
1024 3418 1059 3461 ex
1079 3405 1256 3460 testamento
1310 3400 1311 3405 ’

178 3483 290 3545 Nicolai
311 3482 423 3545 Niccoli
446 3483 477 3545 in
498 3485 710 3547 monasterium
732 3486 763 3546 S.
786 3484 876 3546 ldarci
894 3484 976 3546 inlati
995 3484 1065 3546 inde
1080 3484 1257 3563 permultas

178 3567 396 3631 vicissitudines
410 3569 527 3631 tandem
543 3569 574 3631 in
589 3569 737 3650 publicam
752 3569 783 3631 S.
796 3568 947 3631 Laurentii
964 3568 1171 3631 bibliothecam
1186 3587 1256 3649 per·

179 3662 339 3729 venerunt,
366 3654 397 3715 in
420 3654 532 3736 primae
558 3655 682 3735 paginae
708 3673 824 3716 summo
852 3655 986 3735 margine
1006 3653 1151 3734 scriptum
1173 3672 1255 3717 nunc
1310 3664 1311 3669 ’

268 3869 287 3934 ¹)
304 3870 330 3920 in
351 3869 400 3922 boo
423 3871 507 3937 capite
528 3871 669 3924 cedendum
690 3874 729 3924 est
746 3870 892 3924 necessitati
909 3870 1083 3991 utendumpre
1100 3840 1212 3922 Ricbteri
1230 3873 1255 3922 et

180 3937 281 4004 Peiperi
298 3937 417 4003 numeris,
435 3937 639 4007 quandoquidem
657 3938 690 3991 ad
707 3939 844 3992 editionem
855 3954 941 3993 eorum
953 3945 1041 4008 specta
1059 3941 1106 3991 unt
1116 3953 1254 4006 quaecum·

179 4019 231 4071 que
248 4005 280 4057 de
298 4004 396 4058 Etrusci
414 4005 546 4073 seripturis
563 4007 678 4060 reseram.
