2686 4482
346 229 385 272 ns
406 229 631 273 sumersronvrr
652 230 869 275 courosrrrorm.
1103 215 1145 278 99

154 398 189 441 ac
218 380 244 441 si
272 379 339 440 iure
369 379 404 441 de
433 397 533 441 severe
560 378 720 459 syuapbiae
749 399 851 442 norma
882 381 1047 456 dubitatur,
1076 391 1144 446 aute

68 465 167 525 omnia
190 464 351 526 videndum
374 473 420 525 est
441 482 513 525 uum
535 464 678 544 ancipites
700 465 826 545 syllabae
847 467 997 529 vocalesre
1012 485 1080 528 cum
1095 487 1143 529 se-

67 550 230 628 quentibus
252 549 452 610 coalescentes
474 548 506 609 in
527 550 661 611 versibus
683 551 820 612 extremis
842 552 955 631 positae
975 551 1050 626 sint;
1074 571 1143 614 uam

68 634 102 694 iu'
124 635 234 697 mediis
261 633 396 695 versibus
426 634 490 694 eius
519 635 636 712 generis
658 635 805 697 licentiam
828 655 866 698 ue
888 635 919 698 in
941 638 1000 700 line
1022 635 1142 715 quidem

67 736 172 781 seusus
194 719 347 781 terendam
370 737 435 780 esse
456 728 545 797 patet.
582 728 670 797 atque
693 739 709 780 e
731 720 901 799 quindecim
917 720 1051 783 versibus
1066 739 1141 800 quos

68 802 96 863 in
117 813 235 884 septem
256 803 408 884 prioribus
429 804 587 881 tragoediis
609 803 728 883 regulae
746 805 891 866 adversari
912 805 970 867 dixi
986 806 1141 869 duodecim

11 942 12 961 ἶ
67 888 96 949 in
111 889 241 951 Etrusco
265 889 443 949 clauduntur
458 888 567 968 syllaba
581 888 680 964 debili,
704 908 738 950 ex
753 891 983 969 Agamemnonis
1001 891 1140 952 undecim

67 973 198 1035 versibus
222 983 306 1045 octo,
330 972 466 1034 Herculis
482 972 582 1035 Oetaei
600 974 701 1035 decem
725 992 842 1036 omnes:
866 975 945 1037 unde
968 974 1044 1037 ultro
1067 993 1140 1036 cou-

11 1044 13 1077 l

11 1080 12 1101 t

67 1057 174 1137 ligitur,
198 1058 251 1119 ubi
275 1058 422 1120 licentiam
444 1057 522 1119 illam
545 1059 658 1119 Seneca
680 1059 737 1120 sibi
759 1059 949 1135 concesserit,
974 1059 1003 1121 id
1026 1060 1058 1120 in
1080 1061 1140 1121 due

66 1162 166 1205 uersus
188 1144 301 1205 lactum
325 1161 405 1213 esse;
428 1143 497 1215 sive,
521 1151 554 1202 ut
569 1143 680 1223 rectius
694 1144 861 1222 loquamur,
885 1164 946 1207 uon
963 1139 1000 1220 ἐξ
1014 1138 1139 1225 ὁμοίων

68 1228 210 1290 Senecam
225 1234 382 1309 systemata
397 1228 581 1306 anapaestica
596 1229 809 1308 composuisse,
832 1231 884 1292 sed
899 1230 1041 1291 dimetros
1054 1226 1139 1294 κατὰ

68 1308 174 1392 στίχον
205 1312 377 1387 deduxisse,
409 1311 504 1373 donec
532 1312 564 1372 in
592 1314 787 1375 monometris
814 1315 999 1377 desinerent:
1034 1315 1137 1378 eodem

68 1399 150 1458 modo
173 1418 235 1479 quo
258 1398 469 1478 sappbicorum
492 1415 631 1458 versuum
652 1398 837 1460 arbitrarium
853 1418 1011 1462 numerum
1027 1399 1136 1462 adonio

67 1483 200 1546 claudere
222 1482 307 1544 solet.
345 1483 444 1561 itaque
466 1489 623 1560 autequam
649 1482 767 1562 lougius
788 1485 1021 1563 progrediamur,
1045 1502 1135 1562 quae·

66 1569 187 1630 rendum
217 1576 262 1629 est
289 1575 435 1647 quatenus
463 1567 688 1646 anapaesto'rum
715 1568 813 1629 ordini
837 1569 933 1648 qualis
955 1570 987 1630 iu
1008 1569 1134 1630 Etrusco

67 1654 163 1715 codice
191 1661 315 1733 apparet
341 1650 449 1712 confidi
477 1652 572 1730 possit
598 1650 644 1713 vel
671 1652 771 1732 potius
801 1671 859 1731 qua
885 1653 999 1714 ratione
1022 1653 1134 1715 Seneca

69 1739 203 1800 dimetros
224 1746 254 1799 et
276 1744 478 1798 monometros
499 1755 531 1796 se
554 1736 689 1817 excipere
710 1737 845 1799 voluerit.

147 1832 233 1904 atque
255 1821 472 1902 simplicissima
494 1820 614 1899 quidem
628 1821 659 1882 id
672 1821 788 1884 ratione
803 1824 913 1884 lactum
933 1830 985 1885 est.
1017 1820 1134 1884 dimetri

68 1907 142 1969 enim
164 1941 202 1954 -
226 1908 264 1969 de
287 1906 415 1968 Etrusco
442 1905 567 1984 loquor,
595 1925 683 1985 quem
713 1926 806 1969 uuum
832 1907 923 1969 buius
951 1907 1134 1987 quaestionis

68 1993 284 2055 fundamentum
307 1990 408 2053 haberi
430 2009 484 2070 par
506 1999 606 2052 est-
622 1992 765 2054 contiuuo
788 1993 951 2055 decurrunt
972 1992 1003 2053 iu
1027 1991 1133 2072 pleris·
1210 2038 1212 2042 ,

67 2095 121 2156 que
142 2077 262 2140 canticis
285 2094 407 2156 perraro
429 2076 621 2137 monometris
639 2077 810 2157 interrupti.
840 2096 917 2158 quos
931 2083 1133 2139 monometros

67 2181 124 2225 nou
144 2176 255 2226 temere
277 2161 390 2242 positos
413 2179 477 2222 esse
500 2179 535 2220 eo
551 2161 696 2222 evincitur
710 2162 789 2240 quod
804 2163 836 2225 iu
854 2170 899 2224 tot
912 2160 1045 2223 versibus
1060 2181 1132 2224 nus·

68 2265 149 2326 mam
175 2266 229 2328 per
260 2264 364 2307 norem
393 2245 557 2323 tragoedias
585 2246 764 2309 monometri
793 2267 854 2308 uon
882 2247 1061 2309 sententiam
1087 2247 1133 2309 rel

67 2332 215 2410 periodum
244 2331 290 2393 vel
319 2331 466 2392 canticum
488 2331 586 2410 ipsum
608 2330 760 2393 claudunt.
783 2350 851 2394 uam
873 2331 927 2394 ΗΟ
952 2333 1051 2408 1931,
1080 2331 1132 2410 qui

68 2425 108 2478 est
127 2426 310 2479 monometer
331 2414 576 2477 subdistinctione
597 2415 765 2495 asequenti
780 2437 866 2479 versu
881 2419 1043 2492 seiunctus,
1065 2435 1130 2479 rer·

67 2518 114 2561 sus
135 2503 172 2563 ita
194 2499 354 2582 dispositos
376 2501 407 2561 in
430 2499 457 2560 Ε
476 2500 600 2578 excipit:

160 2588 238 2650 1927
263 2605 424 2666 cepamque
445 2602 510 2646 suos
530 2584 623 2663 bpdre
645 2586 696 2646 seb
718 2587 810 2648 codes

261 2674 364 2733 territe
384 2674 482 2732 mersit
504 2680 583 2749 teque
604 2670 713 2733 labores
734 2690 750 2733 o
773 2682 839 2733 onte
861 2668 986 2734 timeret?

257 2755 349 2835 fallor
368 2755 460 2834 fallor
480 2772 606 2816 coerceo
626 2757 740 2835 scroto,
765 2774 815 2817 reec
836 2767 862 2818 te
882 2774 981 2818 menes

260 2839 431 2920 umbraeque
451 2843 569 2910 timerem

260 2944 320 2986 nore
341 2923 471 3003 Argolico
492 2935 579 3002 rapte
601 2922 677 2985 leoni
698 2942 723 2984 e.
740 2943 768 3003 q.
785 2944 809 2985 s.

69 3016 97 3067 ut
112 3010 188 3072 1998
203 3028 219 3071 o
234 3006 438 3072 ruretenent?
460 3026 548 3069 suum
563 3026 681 3069 versum
699 3009 828 3089 explere,
850 3025 978 3086 sequeus
996 3004 1128 3067 trimeter

12 3122 13 3125 ¹
69 3101 95 3152 et
113 3102 290 3156 monometer
312 3092 428 3155 duobus
450 3092 583 3154 dimetria
605 3093 808 3156 circumscribi
825 3091 987 3167 debeantll
1021 3109 1127 3154 mono·

147 3275 167 3343 ⁸)
182 3277 273 3330 Pbaed.
293 3279 344 3330 966
361 3292 400 3342 sq.
418 3277 455 3328 sic
473 3276 598 3344 disposita
616 3282 690 3328 suut:

256 3350 288 3396 ut
304 3360 378 3396 onoc
396 3360 480 3399 cenae
496 3344 604 3409 frigora
625 3346 735 3395 brumae

257 3410 467 3472 endromidem,
486 3428 559 3463 nune
577 3413 693 3462 arbustis

256 3482 370 3532 redeant
386 3481 506 3545 umbrae,
524 3495 598 3530 nune
616 3481 711 3532 aestivi

256 3549 327 3601 eolla
346 3548 429 3599 leonia
447 3563 562 3600 cererem

255 3631 355 3682 magno
372 3616 480 3678 feruore
498 3620 615 3680 coquant

255 3688 378 3749 viresque
394 3700 458 3735 sues
476 3689 603 3749 temperet
620 3686 726 3733 cneus?

70 3761 126 3813 quae
142 3753 276 3821 antiquitus
293 3752 359 3804 hanc
376 3752 484 3804 formam
501 3751 620 3803 babuisse
639 3754 722 3817 patet:

255 3821 326 3871 colle
345 3819 428 3870 leonis
447 3818 567 3871 Cererem
585 3833 684 3884 magno

253 3889 361 3951 fervore
379 3894 497 3954 coquent
514 3892 636 3953 viresque
653 3902 716 3937 eoae

254 3961 381 4023 temperet
398 3960 503 4007 onnus?
