<?xml version="1.0" encoding="UTF-8"?>
<!DOCTYPE html PUBLIC "-//W3C//DTD XHTML 1.0 Transitional//EN"
    "http://www.w3.org/TR/xhtml1/DTD/xhtml1-transitional.dtd">
<html xmlns="http://www.w3.org/1999/xhtml" xml:lang="en" lang="en">
 <head>
  <title>
</title>
<meta http-equiv="Content-Type" content="text/html;charset=utf-8" />
  <meta name='ocr-system' content='tesseract 3.04.00' />
  <meta name='ocr-capabilities' content='ocr_page ocr_carea ocr_par ocr_line ocrx_word'/>
</head>
<body>
  <div class='ocr_page' id='page_1' title='image "./lannaeisenecaet00leogoog_0194.png"; bbox 0 0 2686 4482; ppageno 0'>
   <div class='ocr_carea' id='block_1_1' title="bbox 455 251 1200 317">
    <p class='ocr_par' dir='ltr' id='par_1_1' title="bbox 455 251 1200 317">
     <span class='ocr_line' id='line_1_1' title="bbox 455 251 1200 317; baseline 0.012 -10"><span class='ocrx_word' id='word_1_1' title='bbox 455 263 492 309; x_wconf 85' lang='lat' dir='ltr'>nn</span> <span class='ocrx_word' id='word_1_2' title='bbox 515 265 729 309; x_wconf 82' lang='lat' dir='ltr'>nxnurnxnrnvs</span> <span class='ocrx_word' id='word_1_3' title='bbox 752 267 880 312; x_wconf 62' lang='lat' dir='ltr'>onnncrst</span> <span class='ocrx_word' id='word_1_4' title='bbox 1143 251 1200 317; x_wconf 83' lang='lat'>181</span> 
     </span>
    </p>
   </div>
   <div class='ocr_carea' id='block_1_2' title="bbox 93 402 1228 1519">
    <p class='ocr_par' dir='ltr' id='par_1_2' title="bbox 266 402 1099 499">
     <span class='ocr_line' id='line_1_2' title="bbox 266 402 1099 499; baseline 0.005 -20"><span class='ocrx_word' id='word_1_5' title='bbox 266 418 269 425; x_wconf 75' lang='grc'><em>’</em></span> <span class='ocrx_word' id='word_1_6' title='bbox 335 408 493 499; x_wconf 79' lang='grc' dir='ltr'><strong><em>ἀνόνητον</em></strong></span> <span class='ocrx_word' id='word_1_7' title='bbox 516 402 692 499; x_wconf 67' lang='grc' dir='ltr'><strong><em>ἄγαλμ’·οἶ</em></strong></span> <span class='ocrx_word' id='word_1_8' title='bbox 714 402 830 499; x_wconf 68' lang='lat' dir='ltr'>rro&#39;trso¹</span> <span class='ocrx_word' id='word_1_9' title='bbox 843 415 967 483; x_wconf 77' lang='grc' dir='ltr'><strong><em>οἴκοισι</em></strong></span> <span class='ocrx_word' id='word_1_10' title='bbox 989 415 1099 483; x_wconf 75' lang='lat' dir='ltr'>cccciv.</span> 
     </span>
    </p>

    <p class='ocr_par' dir='ltr' id='par_1_3' title="bbox 93 503 1228 1519">
     <span class='ocr_line' id='line_1_3' title="bbox 93 503 1204 585; baseline 0.004 -20"><span class='ocrx_word' id='word_1_11' title='bbox 93 576 95 578; x_wconf 17' lang='lat'>¹</span> <span class='ocrx_word' id='word_1_12' title='bbox 129 505 227 583; x_wconf 89' lang='lat' dir='ltr'>itaque</span> <span class='ocrx_word' id='word_1_13' title='bbox 250 503 378 565; x_wconf 90' lang='lat' dir='ltr'>coniecit</span> <span class='ocrx_word' id='word_1_14' title='bbox 398 503 531 564; x_wconf 90' lang='lat' dir='ltr'>victimas</span> <span class='ocrx_word' id='word_1_15' title='bbox 552 503 721 567; x_wconf 82' lang='lat' dir='ltr'>Minotauro</span> <span class='ocrx_word' id='word_1_16' title='bbox 750 505 907 566; x_wconf 88' lang='lat' dir='ltr'>destinatas</span> <span class='ocrx_word' id='word_1_17' title='bbox 932 504 963 565; x_wconf 88' lang='lat' dir='ltr'>in</span> <span class='ocrx_word' id='word_1_18' title='bbox 986 524 1092 567; x_wconf 91' lang='lat' dir='ltr'>scaena</span> <span class='ocrx_word' id='word_1_19' title='bbox 1113 523 1204 585; x_wconf 88' lang='lat' dir='ltr'>appa·</span> 
     </span>
     <span class='ocr_line' id='line_1_4' title="bbox 130 587 1228 667; baseline -0.002 -18"><span class='ocrx_word' id='word_1_20' title='bbox 130 591 229 651; x_wconf 85' lang='lat' dir='ltr'>ruisse</span> <span class='ocrx_word' id='word_1_21' title='bbox 248 597 278 650; x_wconf 91' lang='lat' dir='ltr'>et</span> <span class='ocrx_word' id='word_1_22' title='bbox 300 587 433 666; x_wconf 83' lang='lat' dir='ltr'>singulas</span> <span class='ocrx_word' id='word_1_23' title='bbox 456 588 492 650; x_wconf 94' lang='lat' dir='ltr'>de</span> <span class='ocrx_word' id='word_1_24' title='bbox 507 598 587 649; x_wconf 81' lang='lat' dir='ltr'>sorte</span> <span class='ocrx_word' id='word_1_25' title='bbox 602 607 654 651; x_wconf 89' lang='lat' dir='ltr'>sua</span> <span class='ocrx_word' id='word_1_26' title='bbox 670 595 848 667; x_wconf 80' lang='lat' dir='ltr'>conquestos</span> <span class='ocrx_word' id='word_1_27' title='bbox 863 607 938 665; x_wconf 87' lang='lat' dir='ltr'>esse,</span> <span class='ocrx_word' id='word_1_28' title='bbox 962 591 1064 652; x_wconf 90' lang='lat' dir='ltr'>eodem</span> <span class='ocrx_word' id='word_1_29' title='bbox 1079 591 1204 652; x_wconf 91' lang='lat' dir='ltr'>lortasse</span> <span class='ocrx_word' id='word_1_30' title='bbox 1222 636 1228 647; x_wconf 37' lang='grc' dir='ltr'><em>Ι</em></span> 
     </span>
     <span class='ocr_line' id='line_1_5' title="bbox 130 673 1205 756; baseline 0.001 -21"><span class='ocrx_word' id='word_1_31' title='bbox 130 685 264 755; x_wconf 92' lang='lat' dir='ltr'>tempore</span> <span class='ocrx_word' id='word_1_32' title='bbox 287 691 349 753; x_wconf 90' lang='lat' dir='ltr'>qun</span> <span class='ocrx_word' id='word_1_33' title='bbox 375 691 445 734; x_wconf 91' lang='lat' dir='ltr'>cum</span> <span class='ocrx_word' id='word_1_34' title='bbox 467 673 635 734; x_wconf 81' lang='lat' dir='ltr'>Minotauro</span> <span class='ocrx_word' id='word_1_35' title='bbox 657 673 791 736; x_wconf 83' lang='lat' dir='ltr'>Theseus</span> <span class='ocrx_word' id='word_1_36' title='bbox 813 673 975 736; x_wconf 77' lang='lat' dir='ltr'>dimicaret.</span> <span class='ocrx_word' id='word_1_37' title='bbox 1020 676 1100 756; x_wconf 90' lang='lat' dir='ltr'>quod</span> <span class='ocrx_word' id='word_1_38' title='bbox 1121 676 1205 738; x_wconf 92' lang='lat' dir='ltr'>nullo</span> 
     </span>
     <span class='ocr_line' id='line_1_6' title="bbox 130 758 1205 840; baseline 0.002 -20"><span class='ocrx_word' id='word_1_39' title='bbox 130 760 217 820; x_wconf 92' lang='lat' dir='ltr'>modo</span> <span class='ocrx_word' id='word_1_40' title='bbox 247 758 370 821; x_wconf 90' lang='lat' dir='ltr'>concedi</span> <span class='ocrx_word' id='word_1_41' title='bbox 399 766 506 838; x_wconf 89' lang='lat' dir='ltr'>potest.</span> <span class='ocrx_word' id='word_1_42' title='bbox 551 776 619 820; x_wconf 90' lang='lat' dir='ltr'>nam</span> <span class='ocrx_word' id='word_1_43' title='bbox 649 777 810 839; x_wconf 89' lang='lat' dir='ltr'>puerorum</span> <span class='ocrx_word' id='word_1_44' title='bbox 836 759 1062 840; x_wconf 78' lang='lat' dir='ltr'>puellarumque</span> <span class='ocrx_word' id='word_1_45' title='bbox 1085 778 1205 840; x_wconf 81' lang='lat' dir='ltr'>gregem</span> 
     </span>
     <span class='ocr_line' id='line_1_7' title="bbox 131 840 1205 926; baseline 0.002 -21"><span class='ocrx_word' id='word_1_46' title='bbox 131 840 333 924; x_wconf 58' lang='lat' dir='ltr'>personarum*</span> <span class='ocrx_word' id='word_1_47' title='bbox 347 843 410 904; x_wconf 87' lang='lat' dir='ltr'>vice</span> <span class='ocrx_word' id='word_1_48' title='bbox 432 842 549 906; x_wconf 85' lang='lat' dir='ltr'>iunctas</span> <span class='ocrx_word' id='word_1_49' title='bbox 572 860 637 905; x_wconf 87' lang='lat' dir='ltr'>esse</span> <span class='ocrx_word' id='word_1_50' title='bbox 663 862 731 905; x_wconf 93' lang='lat' dir='ltr'>cum</span> <span class='ocrx_word' id='word_1_51' title='bbox 754 845 887 924; x_wconf 90' lang='lat' dir='ltr'>exemplo</span> <span class='ocrx_word' id='word_1_52' title='bbox 910 854 1074 906; x_wconf 88' lang='lat' dir='ltr'>carettum</span> <span class='ocrx_word' id='word_1_53' title='bbox 1096 846 1205 926; x_wconf 90' lang='lat' dir='ltr'>proba·</span> 
     </span>
     <span class='ocr_line' id='line_1_8' title="bbox 132 928 1206 1008; baseline 0.003 -18"><span class='ocrx_word' id='word_1_54' title='bbox 132 929 251 1005; x_wconf 90' lang='lat' dir='ltr'>bilitate,</span> <span class='ocrx_word' id='word_1_55' title='bbox 275 928 422 1007; x_wconf 85' lang='lat' dir='ltr'>siquidem</span> <span class='ocrx_word' id='word_1_56' title='bbox 444 945 563 1008; x_wconf 79' lang='lat' dir='ltr'>pugnae</span> <span class='ocrx_word' id='word_1_57' title='bbox 584 929 684 991; x_wconf 85' lang='lat' dir='ltr'>herois</span> <span class='ocrx_word' id='word_1_58' title='bbox 706 938 809 990; x_wconf 89' lang='lat' dir='ltr'>contra</span> <span class='ocrx_word' id='word_1_59' title='bbox 825 929 1002 991; x_wconf 83' lang='lat' dir='ltr'>semibovem</span> <span class='ocrx_word' id='word_1_60' title='bbox 1024 930 1206 993; x_wconf 89' lang='lat' dir='ltr'>intercinere</span> 
     </span>
     <span class='ocr_line' id='line_1_9' title="bbox 131 1010 1204 1095; baseline 0.002 -20"><span class='ocrx_word' id='word_1_61' title='bbox 131 1014 214 1076; x_wconf 90' lang='lat' dir='ltr'>chori</span> <span class='ocrx_word' id='word_1_62' title='bbox 236 1015 366 1075; x_wconf 83' lang='lat' dir='ltr'>officium</span> <span class='ocrx_word' id='word_1_63' title='bbox 389 1023 460 1074; x_wconf 89' lang='lat' dir='ltr'>erat.</span> <span class='ocrx_word' id='word_1_64' title='bbox 499 1013 529 1074; x_wconf 89' lang='lat' dir='ltr'>in</span> <span class='ocrx_word' id='word_1_65' title='bbox 546 1032 581 1074; x_wconf 91' lang='lat' dir='ltr'>eo</span> <span class='ocrx_word' id='word_1_66' title='bbox 597 1013 794 1076; x_wconf 90' lang='lat' dir='ltr'>rectissimum</span> <span class='ocrx_word' id='word_1_67' title='bbox 810 1022 854 1076; x_wconf 90' lang='lat' dir='ltr'>est</span> <span class='ocrx_word' id='word_1_68' title='bbox 869 1010 956 1076; x_wconf 73' lang='lat' dir='ltr'>lahni=</span> <span class='ocrx_word' id='word_1_69' title='bbox 967 1015 1109 1076; x_wconf 91' lang='lat' dir='ltr'>iudicium</span> <span class='ocrx_word' id='word_1_70' title='bbox 1125 1016 1204 1095; x_wconf 92' lang='lat' dir='ltr'>quod</span> 
     </span>
     <span class='ocr_line' id='line_1_10' title="bbox 132 1097 1205 1179; baseline 0.002 -20"><span class='ocrx_word' id='word_1_71' title='bbox 132 1099 324 1179; x_wconf 76' lang='lat' dir='ltr'>Hippolytum</span> <span class='ocrx_word' id='word_1_72' title='bbox 345 1098 434 1160; x_wconf 88' lang='lat' dir='ltr'>istum</span> <span class='ocrx_word' id='word_1_73' title='bbox 458 1116 514 1159; x_wconf 90' lang='lat' dir='ltr'>nec</span> <span class='ocrx_word' id='word_1_74' title='bbox 535 1097 644 1161; x_wconf 84' lang='lat' dir='ltr'>Thesei</span> <span class='ocrx_word' id='word_1_75' title='bbox 665 1099 759 1161; x_wconf 90' lang='lat' dir='ltr'>filium</span> <span class='ocrx_word' id='word_1_76' title='bbox 781 1119 854 1175; x_wconf 93' lang='lat' dir='ltr'>nec,</span> <span class='ocrx_word' id='word_1_77' title='bbox 881 1100 907 1161; x_wconf 92' lang='lat' dir='ltr'>si</span> <span class='ocrx_word' id='word_1_78' title='bbox 933 1099 1010 1162; x_wconf 84' lang='lat' dir='ltr'>inter</span> <span class='ocrx_word' id='word_1_79' title='bbox 1031 1100 1205 1163; x_wconf 88' lang='lat' dir='ltr'>adulescen-</span> 
     </span>
     <span class='ocr_line' id='line_1_11' title="bbox 132 1184 1205 1265; baseline 0.001 -20"><span class='ocrx_word' id='word_1_80' title='bbox 132 1185 262 1246; x_wconf 91' lang='lat' dir='ltr'>tulorum</span> <span class='ocrx_word' id='word_1_81' title='bbox 282 1200 441 1247; x_wconf 86' lang='lat' dir='ltr'>numerum</span> <span class='ocrx_word' id='word_1_82' title='bbox 464 1193 665 1259; x_wconf 82' lang='lat' dir='ltr'>recenseatur,</span> <span class='ocrx_word' id='word_1_83' title='bbox 696 1184 866 1247; x_wconf 88' lang='lat' dir='ltr'>choreutam</span> <span class='ocrx_word' id='word_1_84' title='bbox 888 1184 990 1246; x_wconf 87' lang='lat' dir='ltr'>haberi</span> <span class='ocrx_word' id='word_1_85' title='bbox 1013 1203 1101 1265; x_wconf 87' lang='lat' dir='ltr'>posse</span> <span class='ocrx_word' id='word_1_86' title='bbox 1123 1185 1205 1247; x_wconf 90' lang='lat' dir='ltr'>dicit.</span> 
     </span>
     <span class='ocr_line' id='line_1_12' title="bbox 132 1268 1207 1350; baseline 0.002 -20"><span class='ocrx_word' id='word_1_87' title='bbox 132 1269 184 1331; x_wconf 92' lang='lat' dir='ltr'>sed</span> <span class='ocrx_word' id='word_1_88' title='bbox 205 1270 263 1331; x_wconf 92' lang='lat' dir='ltr'>hoc</span> <span class='ocrx_word' id='word_1_89' title='bbox 285 1269 393 1350; x_wconf 91' lang='lat' dir='ltr'>ipsum,</span> <span class='ocrx_word' id='word_1_90' title='bbox 417 1268 610 1348; x_wconf 78' lang='lat' dir='ltr'>Hippolytum</span> <span class='ocrx_word' id='word_1_91' title='bbox 629 1268 742 1331; x_wconf 91' lang='lat' dir='ltr'>scilicet</span> <span class='ocrx_word' id='word_1_92' title='bbox 756 1270 849 1348; x_wconf 80' lang='lat' dir='ltr'>ignoti</span> <span class='ocrx_word' id='word_1_93' title='bbox 864 1270 1016 1332; x_wconf 89' lang='lat' dir='ltr'>cuiusdam</span> <span class='ocrx_word' id='word_1_94' title='bbox 1032 1270 1207 1332; x_wconf 88' lang='lat' dir='ltr'>adulescen-</span> 
     </span>
     <span class='ocr_line' id='line_1_13' title="bbox 132 1353 1206 1435; baseline 0.001 -20"><span class='ocrx_word' id='word_1_95' title='bbox 132 1355 185 1415; x_wconf 84' lang='lat' dir='ltr'>tuli</span> <span class='ocrx_word' id='word_1_96' title='bbox 208 1354 321 1416; x_wconf 90' lang='lat' dir='ltr'>Tbesea</span> <span class='ocrx_word' id='word_1_97' title='bbox 343 1353 475 1415; x_wconf 90' lang='lat' dir='ltr'>comitati</span> <span class='ocrx_word' id='word_1_98' title='bbox 491 1372 599 1415; x_wconf 93' lang='lat' dir='ltr'>nomen</span> <span class='ocrx_word' id='word_1_99' title='bbox 616 1372 681 1415; x_wconf 89' lang='lat' dir='ltr'>esse</span> <span class='ocrx_word' id='word_1_100' title='bbox 697 1356 757 1416; x_wconf 88' lang='lat' dir='ltr'>veri</span> <span class='ocrx_word' id='word_1_101' title='bbox 772 1373 897 1435; x_wconf 88' lang='lat' dir='ltr'>prorsus</span> <span class='ocrx_word' id='word_1_102' title='bbox 912 1354 1045 1418; x_wconf 86' lang='lat' dir='ltr'>absimile</span> <span class='ocrx_word' id='word_1_103' title='bbox 1060 1366 1120 1430; x_wconf 90' lang='lat' dir='ltr'>est;</span> <span class='ocrx_word' id='word_1_104' title='bbox 1144 1374 1206 1417; x_wconf 92' lang='lat' dir='ltr'>non</span> 
     </span>
     <span class='ocr_line' id='line_1_14' title="bbox 132 1439 1205 1519; baseline 0 -18"><span class='ocrx_word' id='word_1_105' title='bbox 132 1441 212 1519; x_wconf 90' lang='lat' dir='ltr'>quod</span> <span class='ocrx_word' id='word_1_106' title='bbox 242 1439 273 1500; x_wconf 94' lang='lat' dir='ltr'>in</span> <span class='ocrx_word' id='word_1_107' title='bbox 302 1457 437 1514; x_wconf 86' lang='lat' dir='ltr'>vasorum</span> <span class='ocrx_word' id='word_1_108' title='bbox 466 1439 592 1518; x_wconf 89' lang='lat' dir='ltr'>picturis</span> <span class='ocrx_word' id='word_1_109' title='bbox 623 1439 702 1501; x_wconf 90' lang='lat' dir='ltr'>inter</span> <span class='ocrx_word' id='word_1_110' title='bbox 723 1439 829 1502; x_wconf 86' lang='lat' dir='ltr'>Thesei</span> <span class='ocrx_word' id='word_1_111' title='bbox 855 1440 977 1515; x_wconf 79' lang='lat' dir='ltr'>comites</span> <span class='ocrx_word' id='word_1_112' title='bbox 1002 1459 1109 1502; x_wconf 91' lang='lat' dir='ltr'>nomen</span> <span class='ocrx_word' id='word_1_113' title='bbox 1132 1439 1205 1502; x_wconf 93' lang='lat' dir='ltr'>illud</span> 
     </span>
    </p>
   </div>
   <div class='ocr_carea' id='block_1_3' title="bbox 16 1524 1207 1613">
    <p class='ocr_par' dir='ltr' id='par_1_4' title="bbox 16 1524 1207 1613">
     <span class='ocr_line' id='line_1_15' title="bbox 16 1524 1207 1613; baseline 0.001 -28"><span class='ocrx_word' id='word_1_114' title='bbox 16 1600 23 1613; x_wconf 80' lang='lat'>.</span> <span class='ocrx_word' id='word_1_115' title='bbox 132 1543 193 1587; x_wconf 92' lang='lat' dir='ltr'>non</span> <span class='ocrx_word' id='word_1_116' title='bbox 221 1532 343 1605; x_wconf 87' lang='lat' dir='ltr'>apparet</span> <span class='ocrx_word' id='word_1_117' title='bbox 371 1525 420 1598; x_wconf 78' lang='lat' dir='ltr'>(cl.</span> <span class='ocrx_word' id='word_1_118' title='bbox 444 1524 527 1585; x_wconf 90' lang='lat' dir='ltr'>lahn.</span> <span class='ocrx_word' id='word_1_119' title='bbox 548 1525 568 1585; x_wconf 95' lang='lat' dir='ltr'>l.</span> <span class='ocrx_word' id='word_1_120' title='bbox 591 1543 615 1585; x_wconf 94' lang='lat' dir='ltr'>s.</span> <span class='ocrx_word' id='word_1_121' title='bbox 638 1543 668 1605; x_wconf 89' lang='lat' dir='ltr'>p.</span> <span class='ocrx_word' id='word_1_122' title='bbox 692 1526 784 1599; x_wconf 80' lang='lat'>262),</span> <span class='ocrx_word' id='word_1_123' title='bbox 816 1525 867 1586; x_wconf 92' lang='lat' dir='ltr'>sed</span> <span class='ocrx_word' id='word_1_124' title='bbox 897 1525 966 1604; x_wconf 90' lang='lat' dir='ltr'>quia</span> <span class='ocrx_word' id='word_1_125' title='bbox 988 1526 1123 1605; x_wconf 89' lang='lat' dir='ltr'>ineptum</span> <span class='ocrx_word' id='word_1_126' title='bbox 1145 1535 1207 1587; x_wconf 92' lang='lat' dir='ltr'>erat</span> 
     </span>
    </p>
   </div>
   <div class='ocr_carea' id='block_1_4' title="bbox 111 1609 1248 4076">
    <p class='ocr_par' dir='ltr' id='par_1_5' title="bbox 131 1609 1238 2200">
     <span class='ocr_line' id='line_1_16' title="bbox 132 1609 1221 1695; baseline 0.001 -24"><span class='ocrx_word' id='word_1_127' title='bbox 132 1628 241 1672; x_wconf 89' lang='lat' dir='ltr'>nomen</span> <span class='ocrx_word' id='word_1_128' title='bbox 265 1610 374 1687; x_wconf 80' lang='lat' dir='ltr'>eligere</span> <span class='ocrx_word' id='word_1_129' title='bbox 395 1629 411 1671; x_wconf 97' lang='lat' dir='ltr'>a</span> <span class='ocrx_word' id='word_1_130' title='bbox 434 1628 494 1689; x_wconf 94' lang='lat' dir='ltr'>quo</span> <span class='ocrx_word' id='word_1_131' title='bbox 517 1610 662 1689; x_wconf 77' lang='lat' dir='ltr'>Antiopae</span> <span class='ocrx_word' id='word_1_132' title='bbox 683 1609 735 1670; x_wconf 85' lang='lat' dir='ltr'>filii</span> <span class='ocrx_word' id='word_1_133' title='bbox 750 1611 892 1671; x_wconf 88' lang='lat' dir='ltr'>memoria</span> <span class='ocrx_word' id='word_1_134' title='bbox 907 1610 1001 1671; x_wconf 90' lang='lat' dir='ltr'>arceri</span> <span class='ocrx_word' id='word_1_135' title='bbox 1016 1630 1077 1674; x_wconf 92' lang='lat' dir='ltr'>non</span> <span class='ocrx_word' id='word_1_136' title='bbox 1093 1619 1221 1695; x_wconf 80' lang='lat' dir='ltr'>posset.¹</span> 
     </span>
     <span class='ocr_line' id='line_1_17' title="bbox 131 1693 1205 1776; baseline -0.001 -20"><span class='ocrx_word' id='word_1_137' title='bbox 131 1697 247 1757; x_wconf 89' lang='lat' dir='ltr'>minora</span> <span class='ocrx_word' id='word_1_138' title='bbox 269 1693 388 1773; x_wconf 79' lang='lat' dir='ltr'>negotio</span> <span class='ocrx_word' id='word_1_139' title='bbox 410 1694 458 1755; x_wconf 93' lang='lat' dir='ltr'>his</span> <span class='ocrx_word' id='word_1_140' title='bbox 480 1693 879 1773; x_wconf 79' lang='lat' dir='ltr'>difficultatibusWagnerus</span> <span class='ocrx_word' id='word_1_141' title='bbox 900 1713 933 1756; x_wconf 86' lang='lat' dir='ltr'>se</span> <span class='ocrx_word' id='word_1_142' title='bbox 954 1695 1101 1776; x_wconf 83' lang='lat' dir='ltr'>expedivit</span> <span class='ocrx_word' id='word_1_143' title='bbox 1121 1695 1205 1770; x_wconf 82' lang='lat' dir='ltr'>(Eur.</span> 
     </span>
     <span class='ocr_line' id='line_1_18' title="bbox 132 1778 1238 1859; baseline 0 -19"><span class='ocrx_word' id='word_1_144' title='bbox 132 1780 201 1858; x_wconf 82' lang='lat' dir='ltr'>lrg.)</span> <span class='ocrx_word' id='word_1_145' title='bbox 230 1781 282 1859; x_wconf 90' lang='lat' dir='ltr'>qui</span> <span class='ocrx_word' id='word_1_146' title='bbox 310 1780 409 1859; x_wconf 91' lang='lat' dir='ltr'>ipsum</span> <span class='ocrx_word' id='word_1_147' title='bbox 431 1778 538 1841; x_wconf 86' lang='lat' dir='ltr'>Thesei</span> <span class='ocrx_word' id='word_1_148' title='bbox 560 1779 652 1840; x_wconf 84' lang='lat' dir='ltr'>filium</span> <span class='ocrx_word' id='word_1_149' title='bbox 678 1780 858 1859; x_wconf 87' lang='lat' dir='ltr'>expeditioni</span> <span class='ocrx_word' id='word_1_150' title='bbox 881 1779 1014 1842; x_wconf 83' lang='lat' dir='ltr'>Cretensi</span> <span class='ocrx_word' id='word_1_151' title='bbox 1036 1780 1207 1841; x_wconf 88' lang='lat' dir='ltr'>interfuisse</span> <span class='ocrx_word' id='word_1_152' title='bbox 1234 1850 1238 1857; x_wconf 75' lang='lat'>,</span> 
     </span>
     <span class='ocr_line' id='line_1_19' title="bbox 132 1864 1206 1945; baseline 0 -19"><span class='ocrx_word' id='word_1_153' title='bbox 132 1873 217 1945; x_wconf 92' lang='lat' dir='ltr'>putat</span> <span class='ocrx_word' id='word_1_154' title='bbox 224 1883 233 1939; x_wconf 92' lang='lat'>;</span> <span class='ocrx_word' id='word_1_155' title='bbox 255 1865 284 1925; x_wconf 92' lang='lat' dir='ltr'>id</span> <span class='ocrx_word' id='word_1_156' title='bbox 307 1865 387 1944; x_wconf 92' lang='lat' dir='ltr'>quod</span> <span class='ocrx_word' id='word_1_157' title='bbox 409 1864 526 1926; x_wconf 87' lang='lat' dir='ltr'>labulae</span> <span class='ocrx_word' id='word_1_158' title='bbox 548 1872 653 1926; x_wconf 89' lang='lat' dir='ltr'>natura</span> <span class='ocrx_word' id='word_1_159' title='bbox 675 1873 704 1925; x_wconf 95' lang='lat' dir='ltr'>et</span> <span class='ocrx_word' id='word_1_160' title='bbox 726 1865 876 1927; x_wconf 92' lang='lat' dir='ltr'>communi</span> <span class='ocrx_word' id='word_1_161' title='bbox 898 1865 1040 1927; x_wconf 90' lang='lat' dir='ltr'>memoria</span> <span class='ocrx_word' id='word_1_162' title='bbox 1056 1866 1143 1945; x_wconf 90' lang='lat' dir='ltr'>plane</span> <span class='ocrx_word' id='word_1_163' title='bbox 1158 1884 1206 1926; x_wconf 90' lang='lat' dir='ltr'>re·</span> 
     </span>
     <span class='ocr_line' id='line_1_20' title="bbox 131 1949 1205 2030; baseline -0.001 -18"><span class='ocrx_word' id='word_1_164' title='bbox 131 1950 219 2012; x_wconf 89' lang='lat' dir='ltr'>lutari</span> <span class='ocrx_word' id='word_1_165' title='bbox 234 1949 446 2030; x_wconf 88' lang='lat' dir='ltr'>peritissimum</span> <span class='ocrx_word' id='word_1_166' title='bbox 462 1968 610 2030; x_wconf 87' lang='lat' dir='ltr'>quemque</span> <span class='ocrx_word' id='word_1_167' title='bbox 625 1951 728 2028; x_wconf 81' lang='lat' dir='ltr'>lugere</span> <span class='ocrx_word' id='word_1_168' title='bbox 740 1969 801 2012; x_wconf 93' lang='lat' dir='ltr'>non</span> <span class='ocrx_word' id='word_1_169' title='bbox 812 1951 910 2030; x_wconf 93' lang='lat' dir='ltr'>potuit</span> <span class='ocrx_word' id='word_1_170' title='bbox 920 1950 1205 2030; x_wconf 79' lang='lat' dir='ltr'>(Welclxer.p.&#39;l34;</span> 
     </span>
     <span class='ocr_line' id='line_1_21' title="bbox 131 2034 1207 2116; baseline -0.001 -19"><span class='ocrx_word' id='word_1_171' title='bbox 131 2036 215 2098; x_wconf 91' lang='lat' dir='ltr'>lahn.</span> <span class='ocrx_word' id='word_1_172' title='bbox 230 2054 261 2115; x_wconf 97' lang='lat' dir='ltr'>p.</span> <span class='ocrx_word' id='word_1_173' title='bbox 277 2037 339 2098; x_wconf 77' lang='lat'>255</span> <span class='ocrx_word' id='word_1_174' title='bbox 354 2035 421 2095; x_wconf 90' lang='lat' dir='ltr'>adn.</span> <span class='ocrx_word' id='word_1_175' title='bbox 437 2035 481 2113; x_wconf 81' lang='lat'>9).</span> <span class='ocrx_word' id='word_1_176' title='bbox 518 2036 618 2115; x_wconf 88' lang='lat' dir='ltr'>itaque</span> <span class='ocrx_word' id='word_1_177' title='bbox 640 2053 762 2114; x_wconf 92' lang='lat' dir='ltr'>quoquo</span> <span class='ocrx_word' id='word_1_178' title='bbox 785 2054 840 2096; x_wconf 92' lang='lat' dir='ltr'>nos</span> <span class='ocrx_word' id='word_1_179' title='bbox 862 2035 1002 2098; x_wconf 90' lang='lat' dir='ltr'>vertimus</span> <span class='ocrx_word' id='word_1_180' title='bbox 1017 2055 1078 2097; x_wconf 91' lang='lat' dir='ltr'>non</span> <span class='ocrx_word' id='word_1_181' title='bbox 1095 2034 1207 2116; x_wconf 90' lang='lat' dir='ltr'>patebit</span> 
     </span>
     <span class='ocr_line' id='line_1_22' title="bbox 133 2119 1205 2200; baseline -0.001 -18"><span class='ocrx_word' id='word_1_182' title='bbox 133 2140 168 2182; x_wconf 89' lang='lat' dir='ltr'>ex</span> <span class='ocrx_word' id='word_1_183' title='bbox 195 2121 253 2182; x_wconf 92' lang='lat' dir='ltr'>hoc</span> <span class='ocrx_word' id='word_1_184' title='bbox 282 2119 449 2199; x_wconf 75' lang='lat' dir='ltr'>labyrintho</span> <span class='ocrx_word' id='word_1_185' title='bbox 472 2119 568 2181; x_wconf 86' lang='lat' dir='ltr'>exitus</span> <span class='ocrx_word' id='word_1_186' title='bbox 590 2120 648 2183; x_wconf 90' lang='lat' dir='ltr'>nisi</span> <span class='ocrx_word' id='word_1_187' title='bbox 669 2119 806 2182; x_wconf 90' lang='lat' dir='ltr'>tenebras</span> <span class='ocrx_word' id='word_1_188' title='bbox 829 2121 978 2182; x_wconf 88' lang='lat' dir='ltr'>discutere</span> <span class='ocrx_word' id='word_1_189' title='bbox 1000 2121 1094 2200; x_wconf 83' lang='lat' dir='ltr'>magis</span> <span class='ocrx_word' id='word_1_190' title='bbox 1117 2137 1205 2200; x_wconf 92' lang='lat' dir='ltr'>quam</span> 
     </span>
    </p>

    <p class='ocr_par' dir='ltr' id='par_1_6' title="bbox 111 2204 1248 3989">
     <span class='ocr_line' id='line_1_23' title="bbox 133 2204 483 2285; baseline -0.003 -19"><span class='ocrx_word' id='word_1_191' title='bbox 133 2205 279 2285; x_wconf 81' lang='lat' dir='ltr'>dispicere</span> <span class='ocrx_word' id='word_1_192' title='bbox 300 2204 483 2267; x_wconf 89' lang='lat' dir='ltr'>conabimur.</span> 
     </span>
     <span class='ocr_line' id='line_1_24' title="bbox 218 2289 1207 2370; baseline -0.003 -17"><span class='ocrx_word' id='word_1_193' title='bbox 218 2308 325 2370; x_wconf 86' lang='lat' dir='ltr'>nempe</span> <span class='ocrx_word' id='word_1_194' title='bbox 353 2308 420 2352; x_wconf 90' lang='lat' dir='ltr'>cum</span> <span class='ocrx_word' id='word_1_195' title='bbox 449 2290 481 2350; x_wconf 94' lang='lat' dir='ltr'>in</span> <span class='ocrx_word' id='word_1_196' title='bbox 503 2289 618 2351; x_wconf 85' lang='lat' dir='ltr'>Theseo</span> <span class='ocrx_word' id='word_1_197' title='bbox 641 2289 833 2370; x_wconf 77' lang='lat' dir='ltr'>hippolytum</span> <span class='ocrx_word' id='word_1_198' title='bbox 859 2289 946 2351; x_wconf 89' lang='lat' dir='ltr'>verba</span> <span class='ocrx_word' id='word_1_199' title='bbox 968 2289 1023 2350; x_wconf 89' lang='lat' dir='ltr'>ista</span> <span class='ocrx_word' id='word_1_200' title='bbox 1046 2290 1207 2369; x_wconf 89' lang='lat' dir='ltr'>protulisse</span> 
     </span>
     <span class='ocr_line' id='line_1_25' title="bbox 132 2373 1207 2456; baseline 0.003 -22"><span class='ocrx_word' id='word_1_201' title='bbox 132 2394 232 2437; x_wconf 91' lang='lat' dir='ltr'>verum</span> <span class='ocrx_word' id='word_1_202' title='bbox 256 2393 320 2437; x_wconf 89' lang='lat' dir='ltr'>esse</span> <span class='ocrx_word' id='word_1_203' title='bbox 342 2382 479 2454; x_wconf 87' lang='lat' dir='ltr'>nequeat,</span> <span class='ocrx_word' id='word_1_204' title='bbox 502 2373 626 2437; x_wconf 89' lang='lat' dir='ltr'>alterum</span> <span class='ocrx_word' id='word_1_205' title='bbox 644 2382 745 2436; x_wconf 87' lang='lat' dir='ltr'>utrum</span> <span class='ocrx_word' id='word_1_206' title='bbox 761 2392 881 2449; x_wconf 85' lang='lat' dir='ltr'>nomen,</span> <span class='ocrx_word' id='word_1_207' title='bbox 903 2374 963 2437; x_wconf 90' lang='lat' dir='ltr'>sive</span> <span class='ocrx_word' id='word_1_208' title='bbox 978 2374 1131 2456; x_wconf 86' lang='lat' dir='ltr'>Hippolyti</span> <span class='ocrx_word' id='word_1_209' title='bbox 1146 2375 1207 2437; x_wconf 91' lang='lat' dir='ltr'>sive</span> 
     </span>
     <span class='ocr_line' id='line_1_26' title="bbox 133 2458 1207 2539; baseline -0.001 -18"><span class='ocrx_word' id='word_1_210' title='bbox 133 2460 257 2536; x_wconf 87' lang='lat' dir='ltr'>Thesei,</span> <span class='ocrx_word' id='word_1_211' title='bbox 286 2468 461 2539; x_wconf 89' lang='lat' dir='ltr'>corruptum</span> <span class='ocrx_word' id='word_1_212' title='bbox 483 2458 528 2521; x_wconf 90' lang='lat' dir='ltr'>vel</span> <span class='ocrx_word' id='word_1_213' title='bbox 552 2459 652 2539; x_wconf 90' lang='lat' dir='ltr'>potius</span> <span class='ocrx_word' id='word_1_214' title='bbox 674 2460 848 2521; x_wconf 88' lang='lat' dir='ltr'>scholiastae</span> <span class='ocrx_word' id='word_1_215' title='bbox 871 2478 972 2521; x_wconf 91' lang='lat' dir='ltr'>errore</span> <span class='ocrx_word' id='word_1_216' title='bbox 994 2459 1119 2521; x_wconf 88' lang='lat' dir='ltr'>inlatum</span> <span class='ocrx_word' id='word_1_217' title='bbox 1141 2478 1207 2521; x_wconf 86' lang='lat' dir='ltr'>esse</span> 
     </span>
     <span class='ocr_line' id='line_1_27' title="bbox 133 2543 1206 2625; baseline -0.002 -18"><span class='ocrx_word' id='word_1_218' title='bbox 133 2545 336 2625; x_wconf 88' lang='lat' dir='ltr'>consequitur.</span> <span class='ocrx_word' id='word_1_219' title='bbox 366 2545 448 2624; x_wconf 89' lang='lat' dir='ltr'>atqui</span> <span class='ocrx_word' id='word_1_220' title='bbox 464 2543 616 2625; x_wconf 91' lang='lat' dir='ltr'>Hippolyti</span> <span class='ocrx_word' id='word_1_221' title='bbox 631 2545 745 2607; x_wconf 92' lang='lat' dir='ltr'>nomini</span> <span class='ocrx_word' id='word_1_222' title='bbox 760 2545 840 2624; x_wconf 90' lang='lat' dir='ltr'>quod</span> <span class='ocrx_word' id='word_1_223' title='bbox 855 2545 994 2608; x_wconf 89' lang='lat' dir='ltr'>substitui</span> <span class='ocrx_word' id='word_1_224' title='bbox 1016 2546 1111 2625; x_wconf 88' lang='lat' dir='ltr'>possit</span> <span class='ocrx_word' id='word_1_225' title='bbox 1125 2545 1206 2624; x_wconf 81' lang='lat' dir='ltr'>cogi·</span> 
     </span>
     <span class='ocr_line' id='line_1_28' title="bbox 133 2629 1206 2713; baseline -0.001 -21"><span class='ocrx_word' id='word_1_226' title='bbox 133 2631 221 2693; x_wconf 92' lang='lat' dir='ltr'>tando</span> <span class='ocrx_word' id='word_1_227' title='bbox 244 2649 306 2692; x_wconf 93' lang='lat' dir='ltr'>non</span> <span class='ocrx_word' id='word_1_228' title='bbox 328 2630 476 2707; x_wconf 91' lang='lat' dir='ltr'>invenias,</span> <span class='ocrx_word' id='word_1_229' title='bbox 505 2629 617 2710; x_wconf 93' lang='lat' dir='ltr'>quippe</span> <span class='ocrx_word' id='word_1_230' title='bbox 646 2630 733 2692; x_wconf 91' lang='lat' dir='ltr'>cuius</span> <span class='ocrx_word' id='word_1_231' title='bbox 754 2630 785 2691; x_wconf 96' lang='lat' dir='ltr'>in</span> <span class='ocrx_word' id='word_1_232' title='bbox 807 2631 906 2692; x_wconf 92' lang='lat' dir='ltr'>locum</span> <span class='ocrx_word' id='word_1_233' title='bbox 929 2648 985 2691; x_wconf 92' lang='lat' dir='ltr'>nec</span> <span class='ocrx_word' id='word_1_234' title='bbox 1006 2631 1093 2713; x_wconf 89' lang='lat' dir='ltr'>pueri</span> <span class='ocrx_word' id='word_1_235' title='bbox 1115 2630 1206 2692; x_wconf 86' lang='lat' dir='ltr'>ullius</span> 
     </span>
     <span class='ocr_line' id='line_1_29' title="bbox 133 2713 1207 2813; baseline -0.003 -36"><span class='ocrx_word' id='word_1_236' title='bbox 133 2734 243 2779; x_wconf 91' lang='lat' dir='ltr'>nomen</span> <span class='ocrx_word' id='word_1_237' title='bbox 265 2723 332 2813; x_wconf 81' lang='lat' dir='ltr'>apte</span> <span class='ocrx_word' id='word_1_238' title='bbox 354 2714 514 2777; x_wconf 85' lang='lat' dir='ltr'>succedero</span> <span class='ocrx_word' id='word_1_239' title='bbox 536 2733 593 2776; x_wconf 93' lang='lat' dir='ltr'>nec</span> <span class='ocrx_word' id='word_1_240' title='bbox 614 2725 682 2795; x_wconf 89' lang='lat' dir='ltr'>post</span> <span class='ocrx_word' id='word_1_241' title='bbox 703 2715 834 2794; x_wconf 89' lang='lat' dir='ltr'>priorem</span> <span class='ocrx_word' id='word_1_242' title='bbox 857 2714 963 2777; x_wconf 88' lang='lat' dir='ltr'>scholii</span> <span class='ocrx_word' id='word_1_243' title='bbox 984 2725 1098 2794; x_wconf 89' lang='lat' dir='ltr'>partem</span> <span class='ocrx_word' id='word_1_244' title='bbox 1121 2713 1207 2775; x_wconf 92' lang='lat' dir='ltr'>liberi</span> 
     </span>
     <span class='ocr_line' id='line_1_30' title="bbox 132 2796 1207 2907; baseline -0.002 -44"><span class='ocrx_word' id='word_1_245' title='bbox 132 2801 315 2863; x_wconf 92' lang='lat' dir='ltr'>coniunctim</span> <span class='ocrx_word' id='word_1_246' title='bbox 343 2799 503 2879; x_wconf 81' lang='lat' dir='ltr'>significari</span> <span class='ocrx_word' id='word_1_247' title='bbox 532 2810 642 2879; x_wconf 92' lang='lat' dir='ltr'>queant</span> <span class='ocrx_word' id='word_1_248' title='bbox 669 2800 802 2871; x_wconf 81' lang='lat' dir='ltr'>(dixisset</span> <span class='ocrx_word' id='word_1_249' title='bbox 831 2800 909 2861; x_wconf 89' lang='lat' dir='ltr'>enim</span> <span class='ocrx_word' id='word_1_250' title='bbox 917 2797 1071 2907; x_wconf 80' lang='grc' dir='ltr'>λέγουσι</span> <span class='ocrx_word' id='word_1_251' title='bbox 1094 2796 1131 2864; x_wconf 83' lang='grc' dir='ltr'>δε</span> <span class='ocrx_word' id='word_1_252' title='bbox 1151 2798 1207 2862; x_wconf 82' lang='grc' dir='ltr'>καὶ</span> 
     </span>
     <span class='ocr_line' id='line_1_31' title="bbox 130 2880 1207 2961; baseline 0 -13"><span class='ocrx_word' id='word_1_253' title='bbox 130 2886 236 2950; x_wconf 77' lang='grc' dir='ltr'><strong><em>ταῦτα</em></strong></span> <span class='ocrx_word' id='word_1_254' title='bbox 258 2907 291 2949; x_wconf 88' lang='grc' dir='ltr'>οι</span> <span class='ocrx_word' id='word_1_255' title='bbox 281 2882 434 2961; x_wconf 64' lang='grc' dir='ltr'>ςπαῖδες</span> <span class='ocrx_word' id='word_1_256' title='bbox 464 2885 524 2947; x_wconf 87' lang='lat' dir='ltr'>sive</span> <span class='ocrx_word' id='word_1_257' title='bbox 547 2881 612 2948; x_wconf 77' lang='lat' dir='ltr'>elul</span> <span class='ocrx_word' id='word_1_258' title='bbox 634 2882 671 2948; x_wconf 72' lang='lat' dir='ltr'>dd</span> <span class='ocrx_word' id='word_1_259' title='bbox 695 2881 728 2948; x_wconf 78' lang='lat' dir='ltr'>oi</span> <span class='ocrx_word' id='word_1_260' title='bbox 751 2880 928 2960; x_wconf 63' lang='grc' dir='ltr'>ποιῖδεςζ</span> <span class='ocrx_word' id='word_1_261' title='bbox 894 2905 927 2947; x_wconf 93' lang='grc' dir='ltr'>οι</span> <span class='ocrx_word' id='word_1_262' title='bbox 949 2884 1003 2948; x_wconf 82' lang='grc' dir='ltr'>καὶ</span> <span class='ocrx_word' id='word_1_263' title='bbox 1026 2884 1129 2947; x_wconf 79' lang='grc' dir='ltr'><strong><em>ταῦτα</em></strong></span> <span class='ocrx_word' id='word_1_264' title='bbox 1152 2881 1207 2948; x_wconf 85' lang='grc' dir='ltr'>λέ·</span> 
     </span>
     <span class='ocr_line' id='line_1_32' title="bbox 130 2969 1206 3054; baseline -0.003 -19"><span class='ocrx_word' id='word_1_265' title='bbox 130 2974 265 3054; x_wconf 81' lang='grc' dir='ltr'>γοντες).</span> <span class='ocrx_word' id='word_1_266' title='bbox 303 2989 387 3050; x_wconf 82' lang='lat' dir='ltr'>ergo</span> <span class='ocrx_word' id='word_1_267' title='bbox 396 2969 513 3032; x_wconf 88' lang='lat' dir='ltr'>fabulae</span> <span class='ocrx_word' id='word_1_268' title='bbox 535 2989 645 3032; x_wconf 90' lang='lat' dir='ltr'>nomen</span> <span class='ocrx_word' id='word_1_269' title='bbox 667 2989 768 3032; x_wconf 89' lang='lat' dir='ltr'>errore</span> <span class='ocrx_word' id='word_1_270' title='bbox 786 2979 887 3033; x_wconf 93' lang='lat' dir='ltr'>natum</span> <span class='ocrx_word' id='word_1_271' title='bbox 903 2987 968 3032; x_wconf 89' lang='lat' dir='ltr'>esse</span> <span class='ocrx_word' id='word_1_272' title='bbox 983 2970 1206 3032; x_wconf 87' lang='lat' dir='ltr'>concludemus.</span> 
     </span>
     <span class='ocr_line' id='line_1_33' title="bbox 132 3055 1205 3153; baseline -0.002 -34"><span class='ocrx_word' id='word_1_273' title='bbox 132 3058 212 3137; x_wconf 89' lang='lat' dir='ltr'>quod</span> <span class='ocrx_word' id='word_1_274' title='bbox 235 3076 272 3119; x_wconf 89' lang='lat' dir='ltr'>ne</span> <span class='ocrx_word' id='word_1_275' title='bbox 294 3064 420 3118; x_wconf 88' lang='lat' dir='ltr'>testatur</span> <span class='ocrx_word' id='word_1_276' title='bbox 441 3055 561 3135; x_wconf 90' lang='lat' dir='ltr'>quidem</span> <span class='ocrx_word' id='word_1_277' title='bbox 584 3065 642 3117; x_wconf 91' lang='lat' dir='ltr'>tam</span> <span class='ocrx_word' id='word_1_278' title='bbox 665 3055 775 3117; x_wconf 91' lang='lat' dir='ltr'>diserte</span> <span class='ocrx_word' id='word_1_279' title='bbox 797 3055 952 3117; x_wconf 88' lang='lat' dir='ltr'>scholiasta</span> <span class='ocrx_word' id='word_1_280' title='bbox 976 3073 1063 3153; x_wconf 79' lang='lat' dir='ltr'>quam</span> <span class='ocrx_word' id='word_1_281' title='bbox 1079 3056 1110 3116; x_wconf 94' lang='lat' dir='ltr'>in</span> <span class='ocrx_word' id='word_1_282' title='bbox 1125 3056 1205 3134; x_wconf 80' lang='lat' dir='ltr'>frag·</span> 
     </span>
     <span class='ocr_line' id='line_1_34' title="bbox 131 3139 1207 3216; baseline 0 -13"><span class='ocrx_word' id='word_1_283' title='bbox 131 3151 301 3204; x_wconf 90' lang='lat' dir='ltr'>mentorum</span> <span class='ocrx_word' id='word_1_284' title='bbox 329 3140 582 3216; x_wconf 89' lang='lat' dir='ltr'>conlectionibus,</span> <span class='ocrx_word' id='word_1_285' title='bbox 612 3141 698 3202; x_wconf 90' lang='lat' dir='ltr'>etiarn</span> <span class='ocrx_word' id='word_1_286' title='bbox 728 3141 759 3202; x_wconf 94' lang='lat' dir='ltr'>in</span> <span class='ocrx_word' id='word_1_287' title='bbox 781 3139 968 3216; x_wconf 86' lang='lat' dir='ltr'>Nauckiana,</span> <span class='ocrx_word' id='word_1_288' title='bbox 998 3141 1071 3202; x_wconf 90' lang='lat' dir='ltr'>nisis</span> <span class='ocrx_word' id='word_1_289' title='bbox 1093 3141 1207 3203; x_wconf 90' lang='lat' dir='ltr'>scilicet</span> 
     </span>
     <span class='ocr_line' id='line_1_35' title="bbox 133 3225 1206 3329; baseline -0.002 -39.981"><span class='ocrx_word' id='word_1_290' title='bbox 133 3228 190 3289; x_wconf 82' lang='lat' dir='ltr'>illis</span> <span class='ocrx_word' id='word_1_291' title='bbox 219 3227 334 3306; x_wconf 83' lang='lat' dir='ltr'>vulgata</span> <span class='ocrx_word' id='word_1_292' title='bbox 361 3236 430 3288; x_wconf 92' lang='lat' dir='ltr'>ante</span> <span class='ocrx_word' id='word_1_293' title='bbox 452 3225 643 3290; x_wconf 87' lang='lat' dir='ltr'>Duebnerum</span> <span class='ocrx_word' id='word_1_294' title='bbox 671 3226 815 3299; x_wconf 88' lang='lat' dir='ltr'>lectione,</span> <span class='ocrx_word' id='word_1_295' title='bbox 846 3225 996 3329; x_wconf 90' lang='lat' dir='ltr'>scribitur.</span> <span class='ocrx_word' id='word_1_296' title='bbox 1040 3225 1072 3287; x_wconf 91' lang='lat' dir='ltr'>in</span> <span class='ocrx_word' id='word_1_297' title='bbox 1094 3225 1206 3289; x_wconf 90' lang='lat' dir='ltr'>Veneto</span> 
     </span>
     <span class='ocr_line' id='line_1_36' title="bbox 131 3303 1206 3418; baseline 0 -45"><span class='ocrx_word' id='word_1_298' title='bbox 131 3314 205 3375; x_wconf 93' lang='lat' dir='ltr'>haec</span> <span class='ocrx_word' id='word_1_299' title='bbox 227 3322 272 3374; x_wconf 90' lang='lat' dir='ltr'>est</span> <span class='ocrx_word' id='word_1_300' title='bbox 293 3312 384 3374; x_wconf 89' lang='lat' dir='ltr'>altera</span> <span class='ocrx_word' id='word_1_301' title='bbox 406 3311 510 3372; x_wconf 88' lang='lat' dir='ltr'>scholii</span> <span class='ocrx_word' id='word_1_302' title='bbox 531 3329 617 3416; x_wconf 88' lang='lat' dir='ltr'>pars:</span> <span class='ocrx_word' id='word_1_303' title='bbox 648 3306 686 3374; x_wconf 82' lang='lat' dir='ltr'>cd</span> <span class='ocrx_word' id='word_1_304' title='bbox 711 3308 746 3374; x_wconf 78' lang='grc' dir='ltr'>δὲ</span> <span class='ocrx_word' id='word_1_305' title='bbox 769 3307 858 3410; x_wconf 78' lang='grc' dir='ltr'><em>ἑξῆς,</em></span> <span class='ocrx_word' id='word_1_306' title='bbox 888 3308 926 3374; x_wconf 83' lang='grc' dir='ltr'>τὸ</span> <span class='ocrx_word' id='word_1_307' title='bbox 950 3303 1108 3418; x_wconf 76' lang='grc' dir='ltr'><strong><em>ἀνόνητον</em></strong></span> <span class='ocrx_word' id='word_1_308' title='bbox 1131 3305 1206 3392; x_wconf 84' lang='grc' dir='ltr'><em>α’ρα,</em></span> 
     </span>
     <span class='ocr_line' id='line_1_37' title="bbox 129 3387 1207 3479; baseline -0.003 -18.983"><span class='ocrx_word' id='word_1_309' title='bbox 129 3391 362 3471; x_wconf 79' lang='grc' dir='ltr'><strong><em>Ἱππόλυτος</em></strong></span> <span class='ocrx_word' id='word_1_310' title='bbox 348 3416 437 3460; x_wconf 82' lang='grc' dir='ltr'>εστιν</span> <span class='ocrx_word' id='word_1_311' title='bbox 461 3389 478 3457; x_wconf 84' lang='grc' dir='ltr'>ὁ</span> <span class='ocrx_word' id='word_1_312' title='bbox 503 3391 604 3478; x_wconf 82' lang='grc' dir='ltr'><em>λέγων</em></span> <span class='ocrx_word' id='word_1_313' title='bbox 624 3387 749 3460; x_wconf 79' lang='grc' dir='ltr'><em>ἕκεῖ·’</em></span> <span class='ocrx_word' id='word_1_314' title='bbox 730 3391 887 3476; x_wconf 81' lang='lat' dir='ltr'>ovo&#39;quov</span> <span class='ocrx_word' id='word_1_315' title='bbox 903 3391 1034 3479; x_wconf 73' lang='grc' dir='ltr'><em>ἄγαλμα</em></span> <span class='ocrx_word' id='word_1_316' title='bbox 1048 3393 1112 3460; x_wconf 77' lang='grc' dir='ltr'>κτὲ.</span> <span class='ocrx_word' id='word_1_317' title='bbox 1151 3409 1207 3458; x_wconf 88' lang='lat' dir='ltr'>uec</span> 
     </span>
     <span class='ocr_line' id='line_1_38' title="bbox 133 3480 1248 3562; baseline -0.003 -18"><span class='ocrx_word' id='word_1_318' title='bbox 133 3502 204 3545; x_wconf 91' lang='lat' dir='ltr'>sane</span> <span class='ocrx_word' id='word_1_319' title='bbox 226 3481 420 3562; x_wconf 89' lang='lat' dir='ltr'>improbabile</span> <span class='ocrx_word' id='word_1_320' title='bbox 441 3481 556 3543; x_wconf 89' lang='lat' dir='ltr'>videtur</span> <span class='ocrx_word' id='word_1_321' title='bbox 577 3481 668 3543; x_wconf 88' lang='lat' dir='ltr'>flebili</span> <span class='ocrx_word' id='word_1_322' title='bbox 691 3481 846 3561; x_wconf 90' lang='lat' dir='ltr'>utriusque</span> <span class='ocrx_word' id='word_1_323' title='bbox 873 3482 1030 3560; x_wconf 77' lang='lat' dir='ltr'>fragmenti</span> <span class='ocrx_word' id='word_1_324' title='bbox 1056 3480 1156 3542; x_wconf 90' lang='lat' dir='ltr'>colore</span> <span class='ocrx_word' id='word_1_325' title='bbox 1179 3487 1209 3541; x_wconf 88' lang='lat' dir='ltr'>et</span> <span class='ocrx_word' id='word_1_326' title='bbox 1245 3516 1248 3519; x_wconf 26' lang='grc' dir='ltr'>ι</span> 
     </span>
     <span class='ocr_line' id='line_1_39' title="bbox 133 3566 1206 3631; baseline -0.002 -2"><span class='ocrx_word' id='word_1_327' title='bbox 133 3586 326 3631; x_wconf 92' lang='lat' dir='ltr'>numerorum</span> <span class='ocrx_word' id='word_1_328' title='bbox 355 3566 547 3628; x_wconf 87' lang='lat' dir='ltr'>similitudine</span> <span class='ocrx_word' id='word_1_329' title='bbox 576 3577 606 3629; x_wconf 91' lang='lat' dir='ltr'>et</span> <span class='ocrx_word' id='word_1_330' title='bbox 634 3576 696 3628; x_wconf 91' lang='lat' dir='ltr'>arta</span> <span class='ocrx_word' id='word_1_331' title='bbox 723 3566 969 3629; x_wconf 90' lang='lat' dir='ltr'>versiculorum</span> <span class='ocrx_word' id='word_1_332' title='bbox 961 3587 993 3629; x_wconf 89' lang='grc' dir='ltr'>ιιι</span> <span class='ocrx_word' id='word_1_333' title='bbox 1015 3567 1118 3628; x_wconf 91' lang='lat' dir='ltr'>eodem</span> <span class='ocrx_word' id='word_1_334' title='bbox 1139 3566 1206 3627; x_wconf 89' lang='lat' dir='ltr'>loco</span> 
     </span>
     <span class='ocr_line' id='line_1_40' title="bbox 111 3651 1206 3716; baseline -0.003 -2"><span class='ocrx_word' id='word_1_335' title='bbox 111 3710 116 3714; x_wconf 84' lang='grc'><strong><em>,</em></strong></span> <span class='ocrx_word' id='word_1_336' title='bbox 133 3653 345 3716; x_wconf 89' lang='lat' dir='ltr'>coniunctione</span> <span class='ocrx_word' id='word_1_337' title='bbox 360 3651 546 3714; x_wconf 86' lang='lat' dir='ltr'>scholiastam</span> <span class='ocrx_word' id='word_1_338' title='bbox 562 3651 716 3713; x_wconf 89' lang='lat' dir='ltr'>inductum</span> <span class='ocrx_word' id='word_1_339' title='bbox 733 3670 797 3713; x_wconf 87' lang='lat' dir='ltr'>esse</span> <span class='ocrx_word' id='word_1_340' title='bbox 813 3661 845 3714; x_wconf 91' lang='lat' dir='ltr'>ut</span> <span class='ocrx_word' id='word_1_341' title='bbox 858 3652 951 3714; x_wconf 88' lang='lat' dir='ltr'>eidem</span> <span class='ocrx_word' id='word_1_342' title='bbox 964 3651 1079 3713; x_wconf 81' lang='lat' dir='ltr'>fabulae</span> <span class='ocrx_word' id='word_1_343' title='bbox 1091 3661 1206 3713; x_wconf 91' lang='lat' dir='ltr'>utrum-</span> 
     </span>
     <span class='ocr_line' id='line_1_41' title="bbox 134 3736 1207 3839; baseline -0.004 -39"><span class='ocrx_word' id='word_1_344' title='bbox 134 3757 192 3818; x_wconf 92' lang='lat' dir='ltr'>que</span> <span class='ocrx_word' id='word_1_345' title='bbox 207 3737 381 3812; x_wconf 80' lang='lat' dir='ltr'>ascriberet3</span> <span class='ocrx_word' id='word_1_346' title='bbox 404 3737 484 3816; x_wconf 91' lang='lat' dir='ltr'>quod</span> <span class='ocrx_word' id='word_1_347' title='bbox 499 3736 603 3839; x_wconf 90' lang='lat' dir='ltr'>utique</span> <span class='ocrx_word' id='word_1_348' title='bbox 619 3737 723 3798; x_wconf 90' lang='lat' dir='ltr'>lecisse</span> <span class='ocrx_word' id='word_1_349' title='bbox 738 3738 907 3839; x_wconf 85' lang='lat' dir='ltr'>putabimus</span> <span class='ocrx_word' id='word_1_350' title='bbox 922 3756 973 3835; x_wconf 85' lang='lat' dir='ltr'>qux</span> <span class='ocrx_word' id='word_1_351' title='bbox 965 3736 1207 3798; x_wconf 91' lang='lat' dir='ltr'>adnotationem</span> 
     </span>
     <span class='ocr_line' id='line_1_42' title="bbox 132 3813 1207 3904; baseline -0.004 -18"><span class='ocrx_word' id='word_1_352' title='bbox 132 3824 234 3886; x_wconf 87' lang='lat' dir='ltr'>talem:</span> <span class='ocrx_word' id='word_1_353' title='bbox 249 3818 338 3887; x_wconf 77' lang='grc' dir='ltr'><strong><em>ἐστὶν</em></strong></span> <span class='ocrx_word' id='word_1_354' title='bbox 347 3813 573 3898; x_wconf 53' lang='grc' dir='ltr'><strong><em>Ἱππόλυτος(</em></strong></span> <span class='ocrx_word' id='word_1_355' title='bbox 556 3843 573 3883; x_wconf 94' lang='grc' dir='ltr'><strong><em>ο</em></strong></span> <span class='ocrx_word' id='word_1_356' title='bbox 585 3818 686 3904; x_wconf 77' lang='grc' dir='ltr'><em>λέγων</em></span> <span class='ocrx_word' id='word_1_357' title='bbox 698 3821 802 3884; x_wconf 78' lang='grc' dir='ltr'><strong><em>ταῦτα</em></strong></span> <span class='ocrx_word' id='word_1_358' title='bbox 817 3841 884 3884; x_wconf 90' lang='lat' dir='ltr'>cum</span> <span class='ocrx_word' id='word_1_359' title='bbox 897 3823 998 3902; x_wconf 91' lang='lat' dir='ltr'>priore</span> <span class='ocrx_word' id='word_1_360' title='bbox 1010 3821 1207 3884; x_wconf 89' lang='lat' dir='ltr'>coniunxerit.</span> 
     </span>
     <span class='ocr_line' id='line_1_43' title="bbox 219 3906 1207 4011; baseline -0.002 -41"><span class='ocrx_word' id='word_1_361' title='bbox 219 3928 290 3989; x_wconf 78' lang='lat' dir='ltr'>ergo</span> <span class='ocrx_word' id='word_1_362' title='bbox 313 3907 338 3970; x_wconf 90' lang='lat' dir='ltr'>si</span> <span class='ocrx_word' id='word_1_363' title='bbox 360 3906 520 3969; x_wconf 89' lang='lat' dir='ltr'>tenendum</span> <span class='ocrx_word' id='word_1_364' title='bbox 543 3916 588 3969; x_wconf 88' lang='lat' dir='ltr'>est</span> <span class='ocrx_word' id='word_1_365' title='bbox 603 3907 795 4011; x_wconf 90' lang='lat' dir='ltr'>Hippolytum</span> <span class='ocrx_word' id='word_1_366' title='bbox 815 3908 894 3987; x_wconf 91' lang='lat' dir='ltr'>apud</span> <span class='ocrx_word' id='word_1_367' title='bbox 909 3907 1084 3987; x_wconf 84' lang='lat' dir='ltr'>Euripidem</span> <span class='ocrx_word' id='word_1_368' title='bbox 1099 3906 1207 3970; x_wconf 83' lang='lat' dir='ltr'>dixisse</span> 
     </span>
    </p>

    <p class='ocr_par' dir='ltr' id='par_1_7' title="bbox 336 3978 1100 4076">
     <span class='ocr_line' id='line_1_44' title="bbox 336 3978 1100 4076; baseline -0.001 -20"><span class='ocrx_word' id='word_1_369' title='bbox 336 3987 494 4076; x_wconf 76' lang='grc' dir='ltr'><strong><em>ἀνόνητον</em></strong></span> <span class='ocrx_word' id='word_1_370' title='bbox 518 3985 640 4075; x_wconf 73' lang='grc' dir='ltr'><em>ἅγαλμ</em></span> <span class='ocrx_word' id='word_1_371' title='bbox 665 3978 692 4054; x_wconf 78' lang='grc' dir='ltr'><em>ὦ</em></span> <span class='ocrx_word' id='word_1_372' title='bbox 715 3989 820 4072; x_wconf 79' lang='grc' dir='ltr'><strong><em>πάτερ</em></strong></span> <span class='ocrx_word' id='word_1_373' title='bbox 843 3993 967 4057; x_wconf 81' lang='grc' dir='ltr'>οικοιοι</span> <span class='ocrx_word' id='word_1_374' title='bbox 989 3989 1100 4069; x_wconf 70' lang='grc' dir='ltr'><strong><em>τεκών,</em></strong></span> 
     </span>
    </p>
   </div>
   <div class='ocr_carea' id='block_1_5' title="bbox 0 0 1353 4482">
    <p class='ocr_par' dir='ltr' id='par_1_8' title="bbox 0 0 1353 4482">
     <span class='ocr_line' id='line_1_45' title="bbox 0 0 1353 4482; baseline 0 0"><span class='ocrx_word' id='word_1_375' title='bbox 0 0 1353 4482; x_wconf 95' lang='lat' dir='ltr'> </span> 
     </span>
    </p>
   </div>
  </div>
 </body>
</html>
