2658 4488
555 156 696 234 rflrhsusss

69 334 210 414 aequale
231 335 326 397 monti
348 336 454 398 crescit
475 347 562 419 atque
585 339 688 401 urbem
710 345 818 421 premit

69 428 107 481 et
133 428 343 481 contumacem
367 422 486 501 regibus
508 425 651 505 populum
674 429 735 488 suis

68 504 174 566 hahet
195 505 251 567 suh
274 506 352 581 ietu3
375 506 468 586 fulget
488 509 537 570 hic
558 510 661 571 turbae
683 530 773 592 capax

70 591 214 652 immane
235 599 355 666 tectum,
379 594 463 654 cuius
483 604 600 655 auratas
620 595 718 657 trahes

69 676 170 737 variis
193 676 349 737 columnae
370 677 485 739 nohiles
506 679 629 741 maculis
651 681 760 757 serunt.

71 770 151 840 pust
173 761 229 823 ista
251 761 340 839 vulgo
362 771 441 836 ncta,
464 782 539 843 quae
561 765 664 846 pupuli
686 767 798 841 colunt,

71 848 108 907 in
133 845 228 907 multa
251 847 330 908 dives
352 848 443 928 spatia
465 848 588 910 discedit
610 850 731 926 domus;

72 949 189 992 arcana
211 932 242 992 in
265 931 325 995 ima
347 933 429 1011 regia
452 951 568 995 secessu
592 934 676 1009 iacet,

72 1015 136 1077 alta
160 1025 307 1077 vetustum
330 1015 402 1077 valle
425 1037 617 1099 compescens
639 1038 753 1093 nemus,

72 1100 233 1181 penetrale
254 1102 349 1180 regni,
373 1103 454 1163 nulla
477 1123 534 1184 qua
555 1103 647 1165 laetos
673 1106 747 1166 solet

73 1187 224 1267 praehere
246 1205 344 1259 rames
367 1188 455 1249 arhor
476 1201 526 1249 aut
547 1191 625 1250 ferro
649 1190 717 1259 ccli,

74 1273 130 1332 sed
153 1280 239 1334 mnus
260 1281 289 1332 et
310 1291 469 1353 cupressus
491 1284 520 1335 et
542 1273 625 1353 nigra
647 1273 714 1335 ilice

76 1357 205 1418 obscura
230 1366 313 1419 nutat
335 1357 415 1432 silva,
439 1378 526 1439 quam
549 1378 638 1440 supra
661 1360 795 1423 eminens

76 1443 231 1523 despectat
253 1443 311 1503 alte
334 1462 461 1523 quercus
483 1453 512 1525 et
533 1443 624 1505 vincit
646 1463 760 1506 nemus.

75 1528 150 1589 hinc
172 1527 319 1608 auspicari
342 1546 432 1607 regna
455 1528 623 1590 Tantalidae
646 1530 752 1603 solent,

75 1614 150 1674 hinc
171 1623 272 1693 petere
294 1613 384 1693 lapsis
406 1613 496 1674 rehus
516 1632 550 1674 ac
572 1614 669 1676 dubiis
692 1633 788 1695 opem.

75 1699 162 1759 affixa
185 1698 340 1759 inhaerent
360 1699 454 1759 duna:
475 1699 591 1760 vocales
614 1699 700 1761 tuhae

75 1783 222 1864 fractique
245 1789 359 1858 currus,
382 1782 476 1864 spolia
497 1784 602 1863 lllyrtoi
624 1785 723 1857 maris,

75 1868 229 1948 victaeque
250 1868 338 1930 falsis„
353 1868 456 1929 axibus
478 1870 609 1949 pendent
630 1878 712 1931 rutae

77 1966 106 2015 et
128 1972 215 2014 omne
237 1954 333 2032 gentis
354 1953 487 2028 facinus;
510 1956 567 2015 hoc
589 1954 734 2034 Phrygius
755 1954 822 2015 lucc

76 2041 152 2100 fixus
173 2039 261 2100 tiaras
282 2038 409 2119 Pelopis,
431 2039 480 2099 hic
502 2040 610 2119 praeda
633 2040 762 2100 hostium

77 2135 107 2186 et
128 2125 163 2185 de
184 2123 334 2205 triumpho
358 2125 434 2204 picta
458 2123 611 2185 barbarico
634 2124 772 2204 chlamys.

76 2212 145 2272 lons
166 2218 222 2270 stat
243 2208 300 2269 suh
323 2208 427 2270 umhra
447 2209 541 2270 tristis
563 2219 593 2271 et
615 2210 698 2289 nigra
721 2211 805 2289 piger

76 2297 177 2357 haeret
197 2293 319 2374 palude:
343 2293 409 2355 talis
431 2303 475 2357 est
496 2295 576 2355 dirae
598 2294 696 2374 Stygis

78 2379 215 2441 deformis
237 2380 315 2440 unda
338 2398 412 2459 quae
434 2379 504 2440 lacit
527 2378 607 2440 caele
630 2381 727 2441 fidem.

79 2465 147 2527 hinc
169 2473 255 2525 nocte
278 2482 363 2524 caeca
386 2483 504 2542 gemere
526 2465 633 2526 ferales
654 2466 725 2526 deas

78 2553 150 2613 lama
173 2556 225 2622 est,
248 2549 358 2610 catenis
379 2548 465 2610 lucus
488 2550 618 2611 excussis
640 2562 726 2610 sonat

79 2636 247 2714 ululantque
269 2652 381 2695 manes.
425 2634 568 2713 quidquid
590 2635 691 2696 audire
714 2643 758 2696 est
778 2644 875 2695 metus

79 2721 136 2782 illic
155 2720 284 2782 ridetur:
310 2727 387 2780 errat
408 2719 537 2798 antiquis
558 2728 641 2781 vetus
758 2729 760 2733 '

80 2806 179 2868 emissa
203 2803 297 2865 bustis
319 2803 405 2865 turha
427 2814 456 2865 et
478 2803 621 2864 insultant
643 2805 708 2863 lucc

77 2892 183 2953 maiora
205 2889 284 2950 notis
305 2897 453 2962 monstra;
477 2890 549 2968 quin
572 2899 633 2950 tcta
655 2887 732 2948 solet

78 2977 181 3038 micare
203 2973 272 3035 silva
294 2974 421 3047 flamma,
444 2982 473 3034 et
495 2974 625 3035 excelsae
647 2973 744 3034 trahes

78 3063 175 3123 ardent
197 3059 261 3120 sine
283 3059 361 3138 igne.
405 3076 492 3138 saepe
513 3058 619 3120 latratu
642 3076 748 3119 nemus

77 3148 151 3209 trino
172 3145 308 3223 remugit,
330 3162 418 3223 saepe
438 3143 603 3204 simulacris
625 3145 730 3204 domus

78 3226 195 3293 attenita
216 3229 340 3307 magnis.
384 3248 440 3290 nec
462 3228 524 3289 dies
545 3229 626 3289 sedat
647 3237 777 3289 metum:
916 3295 920 3304 Ι

80 3336 134 3378 nox
153 3314 272 3396 propria
292 3314 362 3375 lucc
384 3324 428 3374 est
450 3322 479 3373 et
501 3313 671 3393 superstitio
694 3312 822 3373 inferum

80 3404 108 3463 in
128 3401 190 3462 luce
211 3399 305 3460 media
328 3408 443 3478 regnat
486 3398 557 3459 hinc
580 3397 733 3459 crantibus

79 3504 213 3567 responsa
235 3486 343 3545 dantur
365 3493 453 3557 certa,
476 3502 544 3545 cum
567 3483 681 3562 ingenti
704 3499 778 3544 sone
1095 3488 1144 3541 686

79 3631 271 3641 .-—---—-

157 3722 203 3772 666
221 3733 273 3771 sec.
292 3722 363 3784 patet
380 3719 405 3768 Α
474 3717 523 3770 662
542 3729 608 3783 quae
624 3716 670 3779 Ες
738 3718 787 3768 656
805 3713 981 3780 supreminens
997 3714 1022 3765 Ε
1090 3717 1140 3767 668

80 3787 147 3839 lassis
162 3788 211 3839 ΕΑ
228 3802 298 3838 corr.
317 3789 343 3850 ς.
361 3814 396 3824 -
414 3787 452 3850 ac]
471 3790 498 3836 et
513 3786 539 3834 A
625 3786 672 3837 661
693 3783 811 3849 vitaeque
829 3783 854 3833 Ε
939 3784 989 3836 663
1006 3781 1065 3850 pelo
1084 3798 1096 3834 s
1115 3784 1141 3833 Ε

81 3858 123 3908 664
141 3855 250 3922 chlamys
270 3852 417 3906 certamus
437 3858 496 3904 lm.
515 3854 540 3902 Ε
608 3854 657 3906 668
676 3852 718 3904 hic
740 3855 816 3904 ncete
834 3855 887 3901 tcta
904 3852 937 3903 A.
956 3881 989 3889 —
1011 3798 1097 3903 feralis
1115 3853 1140 3902 E

81 3925 124 3976 672
139 3923 192 3974 ioca
209 3924 235 3973 Ε
301 3925 352 3975 674
370 3922 471 3973 flamma
489 3920 553 3973 silva
571 3922 596 3970 A

888 4004 936 4056 17*
