2686 4482
111 243 173 306 182
435 260 472 302 ne
494 258 709 303 exuurnaernvs
731 259 859 302 omneis.

110 411 206 473 labula
230 411 261 471 in
284 429 341 489 qua
364 410 436 471 illud
458 410 594 490 prolerre
616 410 748 489 potuerit
770 411 850 473 nulla
873 420 964 472 restat
986 413 1044 474 uisi
1068 414 1182 495 Hippo·

109 498 188 579 lytus
210 496 338 569 velatus;
361 497 391 556 in
408 495 568 575 Hippolyto
591 495 684 556 velato
702 497 786 557 locus
804 497 906 558 nullus
920 506 1037 576 praeter
1052 500 1184 561 ultimam
1212 540 1227 572 ,ι

110 600 255 654 scaenam,
273 580 351 661 quali
367 581 485 659 quidem
500 580 650 641 coroniler
661 580 839 660 Hippolytus
850 582 1034 643 terminatur.
1062 603 1129 645 nam
1145 603 1184 644 ne

109 668 145 729 ad
168 667 360 747 Hippolytum
382 666 486 744 lugere
509 666 623 727 iussum
645 667 756 727 reseras
779 667 895 728 numeri
919 667 1088 745 prohibent.
1101 672 1139 745 ²⁶«)

195 752 268 814 haec
289 752 314 811 si
337 761 418 813 recte
441 750 662 830 disputavimus,
685 752 717 814 in
740 753 840 830 priore
863 753 1095 831 quoquelabula
1110 754 1183 834 Hip·

109 838 228 917 polytus
250 835 358 899 misere
380 836 522 899 laceratus
546 845 575 896 et
596 836 791 898 moribundus
806 838 837 898 in
853 855 959 898 scaena
975 840 1139 919 comparuit
1155 853 1184 900 et

110 925 141 983 iu
156 931 239 1001 patre
254 920 435 983 consolando
451 920 585 982 ultimum
601 921 675 982 vitae
690 922 816 1002 spatium
832 925 1018 1002 consumpsit
1024 943 1033 999 ;
1056 936 1088 985 ut
1102 942 1184 985 scae*-

111 1026 178 1069 nam
201 1007 330 1068 nobilem
354 1016 392 1079 et,
414 1006 438 1066 si
459 1007 525 1084 quis
540 1006 692 1085 Euripidis
705 1015 799 1068 artem
815 1016 895 1068 recte
910 1026 1090 1087 cognoscere
1105 1011 1182 1083 velit,

110 1092 271 1157 notabilem
288 1110 347 1152 uon
364 1091 521 1170 posteriori
537 1092 655 1153 demum
670 1091 791 1153 dramati
807 1101 894 1171 poeta
913 1092 1055 1158 intulerit.

196 1186 346 1256 praeterea
375 1194 453 1237 novo
483 1176 618 1256 exemplo
648 1176 789 1238 discimus
811 1176 981 1257 Euripidem
1005 1178 1036 1240 iu
1059 1189 1202 1261 utraque
1239 1203 1242 1207 ·

109 1264 259 1341 tragoedia
282 1279 402 1322 scaenas
425 1260 557 1322 eiusdem
579 1263 746 1340 argumenti
760 1272 934 1324 tractantem
949 1263 1071 1325 diversis
1088 1265 1183 1325 verbis

110 1366 198 1410 usum
222 1366 302 1409 esse:
328 1346 407 1446 idem
430 1346 509 1408 euim
530 1347 704 1450 fragmento
719 1351 782 1447 445
805 1347 1030 1446 comprpbatur:

315 1451 400 1512 προς
422 1428 539 1495 ἵππιον
563 1435 664 1506 audac
688 1452 835 1514 ορμησας
857 1453 974 1496 crucia

111 1517 191 1597 quod
202 1517 365 1596 legitimum
378 1516 476 1578 locum
489 1517 701 1581 innauutone
713 1519 749 1579 de
765 1518 893 1579 infausto
910 1518 1061 1599 Hippolyti
1074 1518 1183 1598 itinere

109 1602 230 1676 habuit,
261 1611 291 1663 et
311 1602 485 1680 fragmentis
507 1603 580 1666 438.
603 1605 675 1666 442.
699 1606 761 1665 444
784 1622 859 1681 quae
881 1604 989 1664 docent
1011 1622 1078 1665 cum
1102 1612 1185 1682 patre

111 1686 186 1751 irato
208 1687 238 1748 in
263 1687 363 1766 priore
385 1705 506 1766 quoque
529 1687 626 1751 sabula
642 1687 834 1768 Hippolytum
858 1689 1048 1750 conlocutum
1071 1708 1146 1750 csse.

195 1772 345 1851 tetigimus
366 1771 456 1833 alium
478 1773 609 1834 Senecae
630 1772 666 1832 ab
689 1772 847 1851 exemplari
869 1791 924 1832 suo
946 1774 977 1833 in
1000 1773 1184 1853 disponenda

109 1857 207 1919 sabula
230 1858 411 1929 dissensum,
442 1866 475 1919 ut
503 1857 554 1936 qui
578 1866 689 1938 patrem
711 1857 864 1937 liliumque
884 1875 945 1918 una
966 1876 1115 1938 nusquam
1139 1859 1186 1919 iu-

109 1943 207 2005 ducat.
244 1943 316 2021 quin
341 1950 454 2003 restent
475 1941 530 2003 alia
550 1961 627 2022 quae
641 1943 755 2005 diverse
769 1943 805 2004 ab
820 1942 871 2004 illo
887 1943 1049 2003 instituerit
1063 1944 1186 2006 minime

109 2028 294 2101 dubitamus;
309 2026 361 2089 sed
376 2027 412 2088 ad
427 2027 474 2088 illa
490 2026 652 2107 indaganda
667 2028 783 2091 fabulae
797 2027 971 2106 fragmentis
986 2028 1183 2090 destituimur.

109 2122 222 2174 servata
245 2112 431 2175 tractavimus
453 2112 552 2174 omnia
563 2114 605 2191 2⁷)
625 2114 756 2192 exceptis
771 2112 893 2174 duobus
908 2131 985 2192 quae
999 2115 1034 2175 ad
1050 2115 1184 2192 ignotum

109 2197 220 2277 aliquid
243 2206 376 2278 spectare
399 2197 523 2276 possint.
566 2216 670 2260 eorum
692 2198 815 2260 alterum
838 2198 894 2275 irg.
918 2199 979 2261 435

227 2339 231 2348 ,
314 2277 414 2356 αὐτὸς
436 2305 469 2344 τι
491 2287 548 2345 νῦν
572 2280 709 2363 dodau)
734 2275 806 2347 εἶτα
829 2280 988 2360 δαίμονας
1007 2277 1100 2344 κάλοι

226 2387 236 2393 “
310 2367 360 2450 τῷ
382 2364 444 2448 γὰρ
465 2367 625 2431 πονοῦντι
646 2363 693 2448 χώ
716 2365 799 2443 θεὸς
821 2362 1043 2446 συλλαμβάνει

109 2452 232 2515 omniuo
255 2471 314 2513 non
338 2453 422 2514 video
446 2454 594 2533 quomodo
623 2454 655 2514 in
680 2454 736 2515 bac
757 2453 854 2515 fabula
876 2453 974 2514 locum
997 2451 1105 2513 habere
1127 2470 1182 2532 po-

108 2537 208 2598 tuerit.
249 2539 289 2599 ad
309 2537 469 2600 Phaedram
500 2557 567 2601 cum
590 2537 745 2601 Welcltero
773 2539 878 2601 referri
908 2555 969 2598 non
994 2538 1103 2617 poterit
1125 2537 1183 2598 uisi

110 2617 192 2706 αὐτή
206 2622 422 2702 scripserimus.
437 2623 489 2685 sed
502 2624 765 2703 obtemperandum
777 2624 893 2685 videtur
905 2622 1183 2684 Clementidlexan-

83 2748 88 2753 ·
108 2708 195 2770 drino
215 2708 411 2785 ,etrelegeudi
426 2727 529 2772 versus
544 2709 580 2770 ad
594 2709 758 2772 Temenum
778 2709 863 2770 euius
880 2717 1057 2786 argumento
1072 2707 1183 2788 optime

108 2793 300 2856 conveniunt.
344 2793 468 2859 alterum
492 2804 537 2856 est
556 2794 613 2873 lag.
636 2797 699 2858 443

316 2879 435 2961 Θησεῦ,
459 2884 613 2960 παραινῶ
636 2900 692 2942 σοι
713 2875 752 2943 τὸ
774 2875 912 2959 λῷστον,
936 2873 966 2941 ei
989 2888 1133 2960 φρονεῖς,

313 2964 440 3045 γυναικὶ
463 2967 589 3029 πείθου
611 2962 695 3048 μηδὲ
711 2955 847 3046 ,τάληθῆ
861 2958 977 3025 κλύων.

196 3111 228 3175 ²⁸)
246 3112 418 3165 adnotandum
437 3119 477 3166 est
494 3114 563 3181 quod
581 3115 607 3166 in
620 3114 760 3182 Hippolyto
774 3114 915 3167 corouiiero
926 3114 977 3166 sere
989 3113 1085 3167 eisdem
1098 3112 1183 3166 verbis

108 3178 200 3232 chorus
218 3181 297 3232 utitur
315 3198 339 3232 v.
362 3185 425 3235 1144

312 3246 366 3315 ἐγώ
386 3247 415 3300 δὲ
434 3251 468 3332 opi
487 3246 622 3334 δυστοχῖρ
636 3247 753 3332 δάνρυσι
769 3247 867 3300 διοίσω

313 3315 424 3385 πότμον
441 3334 578 3386 ancarana,
598 3335 620 3368 ru
638 3317 788 3368 ταλαινο

313 3388 437 3468 panop,
464 3382 570 3468 isacar
592 3380 765 3439 οἷνόνατα·
790 3386 844 3455 φεῦ

195 3520 228 3586 ²⁷)
246 3520 278 3573 de
295 3457 596 3590 &papparppppnon
615 3526 682 3573 recte
707 3514 739 3573 ad
763 3521 858 3574 Phaed.
879 3524 928 3574 903
946 3521 1044 3573 rettulit
1062 3520 1185 3599 Wilamo-

108 3589 210 3641 witeius
228 3590 268 3655 (Α.
288 3590 316 3641 Ε.
334 3607 359 3659 p.
371 3594 438 3656 154),
456 3593 557 3643 constat
574 3590 636 3641 mihi
648 3589 771 3643 Welclreri
789 3590 916 3641 sententia
933 3591 968 3656 (p.
986 3591 1055 3652 139).
1074 3617 1107 3627 -
1125 3587 1186 3639 Plu·

108 3656 176 3711 lemo
195 3663 224 3720 (s.
243 3654 334 3725 βίβλος
359 3660 391 3712 cl.
409 3657 536 3712 Welclrer.
556 3674 580 3726 p.
598 3660 659 3723 140)
681 3658 723 3711 νο1
741 3658 827 3724 potius
840 3658 1005 3727 ¹Plravorinus
1021 3657 1073 3708 iam
1092 3654 1186 3708 nemini

107 3724 194 3779 lucum
212 3724 296 3781 iaciat.
332 3727 447 3780 contudit
464 3732 548 3779 autam
566 3725 696 3778 Phaedrae
713 3726 811 3778 litteras
829 3741 887 3778 cum
905 3725 1106 3793 Agamemnonis
1123 3723 1185 3791 (lph.

108 3791 167 3844 Aul.
176 3797 282 3873 pisum
301 3803 462 3863 nuncupatur
479 3794 514 3846 ibi
532 3792 668 3879 additam
685 3799 711 3846 et
723 3790 818 3877 ⁸rrsaiarp.
835 3794 959 3878 'denique
975 3793 1092 3875 conterre
1110 3793 1185 3872 iubeo

107 3860 157 3926 frg.
175 3877 224 3913 mc.
243 3866 293 3916 876
313 3864 364 3924 (Ar.
388 3865 447 3932 Lyn.
472 3865 533 3927 113)
556 3862 603 3913 αλλ
636 3878 752 3931 σιοχρον
776 3879 861 3913 senaar
883 3879 928 3912 και
955 3874 1094 3925 σιωσηοαι
1114 3865 1185 3930 βαρυ

107 3942 167 3978 cum
178 3928 280 3981 'Phaed.
299 3933 349 3984 603
367 3936 407 3983 ota
424 3944 524 3994 magna
541 3946 631 3982 vocarat
648 3931 747 3984 amittit
763 3936 793 3981 at
807 3933 897 3981 maior
914 3936 992 3983 tenet.

196 3995 230 4061 ²⁸)
247 3997 304 4049 fort.
324 3994 408 4055 αὐτός
423 4015 451 4050 τι
469 3996 603 4067 συνδρῶν.
640 4014 690 4051 σου
710 3999 795 4051 obstat
813 3991 879 4050 alra.
