2776 4476
542 247 686 291 unncvnns
699 231 827 307 [cuneus]

151 407 262 460 nostra.
307 404 432 459 cruento
449 397 553 460 cecidit
568 399 599 459 in
614 398 691 460 hello
706 397 811 479 pater?

107 487 110 492 '
151 482 285 545 cecidere
301 480 429 544 iratres?
466 501 544 546 arma
561 503 622 545 non
639 492 755 545 servant
769 486 907 562 modum;

150 587 207 631 nec
221 567 379 648 temperari
395 567 481 629 facile
496 588 552 630 nec
564 568 685 649 reprimi
701 579 800 650 potest

150 652 245 715 stricti
261 652 341 714 ensis
356 653 409 729 ira,
424 652 500 715 bella
515 653 639 715 delectat
654 672 753 714 cruor.

151 739 202 800 sed
217 738 267 799 ille
282 756 375 817 regno
390 756 445 818 pro
461 757 526 814 sno,
543 757 597 801 nos
613 739 747 819 improba

152 822 290 904 cupidine
306 819 385 885 acti‘l
416 824 568 902 quaeritur
583 824 649 885 belli
666 824 771 897 exitus

88 966 95 977 ,
153 927 212 970 non
229 927 325 970 causa.
371 907 422 969 sed
439 927 521 969 nunc
535 916 636 988 pereat
654 907 750 970 omnis
767 909 924 969 memoria:

152 1012 220 1054 cnm
234 994 328 1055 victor
341 1011 420 1055 arma
435 993 546 1073 posuit,
562 1002 590 1055 et
605 994 713 1055 rictum
727 993 811 1054 decet

152 1079 301 1158 deponere
317 1078 391 1139 odia.
422 1096 483 1140 non
499 1086 532 1141 ut
547 1078 654 1141 inflexo
671 1096 748 1157 genu

151 1171 324 1242 regnantem
339 1164 443 1225 adores
458 1164 602 1241 petimus:
618 1165 676 1225 hoe
690 1163 789 1243 ipsum
803 1162 899 1243 placet

151 1249 249 1310 animo
265 1248 367 1310 ruinas
382 1249 461 1327 qnod
476 1249 557 1328 capis
572 1266 680 1327 magno
695 1256 779 1322 tnas3

151 1351 183 1394 es
198 1351 268 1411 rege
284 1333 414 1395 coniunx
429 1333 531 1412 digna:
548 1334 695 1395 sociemus
709 1342 800 1394 toros,

150 1436 219 1479 uno.
250 1418 370 1480 Gelidus
386 1437 441 1497 per
455 1426 537 1480 artus
551 1419 628 1479 vadit
643 1436 791 1497 exangues
805 1427 925 1479 tremor.

151 1503 230 1582 qnod
245 1502 361 1564 lacinus
375 1522 461 1579 aures
476 1501 612 1584 pepulit?
643 1504 714 1564 haut
729 1503 864 1582 equidem
879 1502 993 1578 horrui,

152 1606 220 1649 cum
236 1607 308 1668 pace
324 1598 410 1669 rupta
424 1588 548 1650 bellicus
563 1606 665 1650 muros
684 1589 783 1666 fragor

151 1673 393 1751 circumsonaret‚
409 1672 518 1753 pertuli
533 1673 679 1753 intrepide
694 1672 806 1733 omnia:

126 1782 129 1787 ¹
150 1758 292 1819 thalamos
307 1767 467 1833 tremesco;
489 1767 572 1838 capta
588 1777 669 1820 nunc
683 1758 784 1818 videor
801 1757 883 1819 milri.

151 1850 274 1923 gravent
287 1851 406 1905 catenae
422 1861 532 1924 corpus
548 1852 576 1904 et
590 1844 678 1922 longa
692 1843 768 1904 lame

149 1946 232 1990 mors
248 1929 436 2008 protrahatur
450 1928 544 1990 lenta:
561 1947 622 1990 non
636 1929 734 1990 vincet
753 1928 840 1989 iidem

151 2013 268 2075 visulla
284 2021 430 2088 nostram3
446 2013 566 2090 moriar,
582 2014 692 2088 Alcide,
707 2023 767 2075 tua.

150 2116 213 2159 nrc.
243 2098 405 2160 Animosne
419 2116 535 2160 mersus
549 2098 653 2160 inseris
668 2099 798 2159 coniunx
812 2095 903 2159 facit?

150 2203 219 2245 nso.
250 2183 369 2245 lnlerna
384 2183 488 2262 tetigit,
505 2191 606 2264 posset
620 2193 653 2244 ut
668 2201 776 2262 supera
790 2182 918 2261 assequi.

148 2288 212 2330 ure.
244 2268 371 2330 Telluris
387 2269 471 2330 illurn
486 2270 603 2349 pondus
617 2269 778 2330 immensae
793 2268 909 2348 premit

149 2371 218 2414 una.
249 2351 335 2414 Nullo
352 2363 502 2433 premetur
518 2372 618 2428 onere,
634 2353 686 2432 qui
702 2353 815 2415 caelum
830 2353 906 2414 tulit.

149 2458 211 2500 erc.
244 2437 364 2517 Cogere.
424 2458 492 2500 nno.
524 2438 596 2519 Cogi
611 2439 662 2518 qui
678 2445 776 2518 potest
790 2438 887 2500 nescit
898 2439 984 2500 mori.

149 2542 212 2586 nrc.
244 2522 339 2584 Effare
355 2523 470 2604 potius,
492 2524 571 2603 quod
587 2524 670 2593 novis
686 2523 818 2585 thalamis
833 2541 935 2603 parem

150 2608 260 2688 Regale
273 2627 392 2670 munus.
451 2628 519 2670 nno.
550 2610 608 2669 Aut
622 2618 702 2672 tuam
717 2617 841 2670 mortem
856 2614 907 2671 aut
923 2627 1027 2671 meam.

148 2713 213 2755 nro.
243 2693 369 2755 ltloriere
384 2693 514 2756 demens.
570 2712 639 2754 nro.
670 2693 795 2772 Coniugi
811 2711 964 2755 occurram
980 2712 1055 2756 meo.

148 2798 212 2842 nnc.
244 2779 407 2858 Sceptrone
422 2787 525 2841 nostro
540 2779 668 2841 famulus
685 2787 729 2840 est
744 2778 842 2858 potior
856 2776 932 2841 tibi?

148 2884 219 2927 nso.
251 2863 329 2936 Quot
344 2864 399 2926 iste
414 2863 542 2926 lamulus
558 2864 676 2925 tradidit
689 2881 776 2941 reges
791 2864 868 2924 neci.

147 2970 212 3014 nrc.
245 2948 304 3010 Gur
319 2967 390 3028 ergo
405 2949 467 3028 regi
478 2948 573 3010 >servit
588 2961 616 3012 et
632 2949 743 3028 patitur
757 2945 881 3026 iugum?

149 3053 220 3096 unc.
251 3033 376 3113 lmperia
392 3035 464 3095 dura
479 3033 564 3095 tolle:
578 3033 648 3114 quid
665 3033 757 3095 virtus
772 3029 851 3093 erit‘l

148 3138 215 3180 nro.
246 3117 329 3180 Obici
344 3119 416 3180 feris
431 3118 633 3199 monstrisque
646 3118 782 3179 virtutem
799 3114 906 3197 putas?

148 3222 220 3265 nso.
249 3202 370 3264 Virtutis
386 3212 430 3264 est
445 3204 563 3266 domare
579 3223 655 3284 quae
670 3203 770 3266 cuncti
786 3210 901 3282 pavent.

148 3308 212 3350 nrc.
243 3288 395 3350 Tenebrae
409 3288 580 3367 loquentem
594 3307 701 3367 magna
715 3288 871 3349 Tartareae
886 3295 1034 3367 premunt.

149 3392 219 3435 uno.
249 3372 315 3434 Non
333 3381 378 3434 est
392 3372 427 3435 ad
442 3383 518 3435 astra
534 3374 630 3435 mollis
647 3393 662 3435 e
677 3373 764 3436 terris
778 3373 832 3434 via.

148 3478 212 3522 nrc.
243 3458 309 3530 Quo
324 3467 408 3538 patre
424 3459 541 3536 genitus
556 3459 692 3520 caelitum
707 3467 807 3539 sperat
822 3454 947 3519 domos?

149 3563 235 3605 turn.
266 3543 431 3605 Miseranda
446 3544 576 3605 coniunx
592 3543 727 3606 llerculis
743 3543 852 3623 magni,
868 3542 936 3604 sile:

234 3712 286 3761 414
310 3709 433 3777 exanguis
452 3709 476 3761 Ε
566 3713 615 3763 423
641 3725 748 3777 superna
767 3710 803 3772 E,
827 3711 876 3761 ead
897 3723 930 3761 na
952 3708 970 3761 3
988 3724 1022 3759 rra.
1039 3712 1056 3759 i.
1075 3724 1129 3760 roc.
1148 3709 1188 3761 lit.
1208 3723 1222 3760 a

149 3780 199 3831 425
218 3783 387 3844 premeretur:
406 3793 433 3830 re
451 3778 556 3829 eros.E
624 3782 673 3832 427
693 3779 754 3831 thal.
772 3777 840 3846 quod
859 3794 884 3828 n.
904 3777 989 3845 potius
1007 3776 1083 3829 codd.
1103 3780 1224 3828 correxit

149 3846 182 3896 de
201 3846 383 3899 Wilamowitz
460 3850 510 3901 430
534 3850 687 3915 sceptroque
709 3847 766 3899 ΕΑ
784 3862 854 3898 corr.
874 3849 902 3907 ς.
921 3873 951 3882 -
975 3844 1059 3911 potior
1082 3848 1122 3897 est
1144 3845 1223 3896 famu·

149 3914 233 3973 lusst
307 3914 714 3982 '4314quot:trae.eedll
799 3917 848 3968 433
874 3912 1224 3980 quidzieceottm‘llll

148 3985 201 4035 438
219 3987 337 4048 penetrat
355 3982 444 4035 domos
461 3984 486 4034 A
