2776 4476
524 253 679 315 *macnus
695 238 823 314 [uranus]

134 424 338 489 pecorumque
352 405 411 467 ritu
427 405 575 484 virginum
591 407 727 488 oppressi
743 425 863 487 gregcs;

133 494 192 556 hoc
208 492 289 554 nulla
303 492 389 568 luno,
406 491 507 552 nullus
523 491 706 572 Eurystheus
721 491 818 555 iubet:

134 578 229 659 ipsius
244 578 317 639 baec
331 585 402 638 sunt
417 594 515 656 opera.
582 595 667 638 aura.
697 577 763 640 Non
780 578 858 649 nosti
874 578 987 649 omnia:
1045 618 1049 631 ι

134 663 230 744 ipsius
245 680 321 743 opus
338 669 382 723 est
396 661 543 724 caestibus
558 661 670 723 fractus
685 664 747 725 suis
1025 684 1028 691 ·

134 749 215 829 Eryx
229 756 258 809 et
272 747 361 827 Eryci
376 747 496 811 iunctus
512 747 642 809 Antaeus
656 746 755 827 Libys,

137 834 232 913 etqui
248 831 386 913 hospitali
403 831 491 895 caede
506 840 658 894 manantes
672 833 730 894 loci
778 896 782 901 ,

136 917 237 980 bibere
252 917 361 979 iustum
377 917 553 996 sanguinem
567 916 729 991 Busiridis;

135 1003 231 1084 ipsius
247 1021 323 1084 opus
338 1010 384 1065 est
397 1002 512 1064 vulneri
528 1009 557 1064 et
570 1003 649 1064 ferro
665 1002 762 1066 ineius

136 1095 262 1149 mortem
278 1096 397 1150 coactus
412 1088 529 1167 integer
544 1086 660 1167 Cycnus
676 1089 735 1168 pati

136 1191 194 1235 nec
210 1191 288 1234 unus
303 1192 362 1235 una
378 1171 495 1254 Geryon
511 1173 606 1236 victas
620 1191 721 1235 manu.
749 1228 752 1235 .
828 1202 831 1211 ·

136 1257 196 1320 eris
210 1258 288 1320 inter
302 1258 375 1321 istos
396 1291 433 1302 —
450 1258 502 1337 qui
517 1266 614 1319 tamen
631 1258 713 1320 nullo
728 1266 832 1338 stupro

135 1344 248 1405 laesere
262 1343 413 1405 thalamos.
479 1362 541 1404 irc.
572 1343 657 1415 Quod
672 1343 732 1405 lovi
747 1344 805 1405 hoo
819 1343 883 1424 regi
898 1342 982 1406 licet:
1082 1380 1088 1391 ·

135 1427 196 1489 lovi
211 1428 317 1490 dedisti
332 1428 499 1508 coniugem,
515 1429 578 1507 regi
593 1428 687 1504 dabit;

137 1521 166 1576 et
180 1521 208 1574 te
222 1513 363 1593 magistro
379 1532 440 1575 non
456 1531 565 1576 novum
580 1515 637 1575 boc
652 1512 745 1575 discet
760 1530 864 1591 nurus,
969 1592 972 1597 Δ

137 1598 222 1660 etiam
237 1598 301 1660 viro
316 1597 460 1679 probante
474 1599 627 1661 meliorem
643 1599 737 1678 sequi.

136 1684 183 1745 sin
199 1684 332 1763 copulari
347 1685 483 1764 pertinax
496 1684 589 1746 taedis
606 1691 702 1762 negat,

136 1769 181 1829 vel
197 1787 233 1830 ex
248 1777 347 1830 coacta
362 1769 491 1831 nobilem
507 1779 625 1849 partum
641 1770 742 1830 leram.
826 1788 829 1798 ¹

134 1872 205 1915 nno.
235 1853 361 1916 Vmbrae
377 1854 511 1916 Creontis
527 1862 557 1916 et
572 1860 692 1936 penates
707 1850 833 1916 Labdaci
879 1868 882 1877 ’
976 1858 979 1863 ’

137 1946 167 2000 et
182 1938 328 2020 nuptiales
344 1939 426 2019 impii
442 1939 611 2020 Oedipodae
626 1941 714 2012 laces,

138 2041 221 2086 nunc
236 2024 320 2086 solita
336 2033 439 2086 nostro
454 2027 512 2086 sata
527 2024 666 2103 coniugio
685 2024 759 2085 date.

138 2126 230 2184 nunc,
246 2127 336 2184 nunc,
353 2117 493 2172 cruentae
507 2110 586 2190 regis
602 2109 726 2190 Aegypti
742 2098 864 2183 nurus‚'‘

138 2194 237 2255 adeste
252 2193 345 2255 multo
361 2197 506 2275 sanguine
520 2195 645 2257 iniectae
659 2212 774 2256 manus.
834 2268 837 2277 ἱ

137 2278 203 2341 dest
217 2298 277 2341 una
291 2298 416 2341 numero
432 2280 553 2341 Danais:
571 2279 695 2360 explebo
711 2278 802 2341 nefas.
834 2298 838 2311 ¹

137 2382 199 2426 auc.
230 2363 372 2445 Coniugia
387 2364 527 2444 quoniam
542 2364 679 2447 pervicax
694 2373 793 2426 nostra
810 2362 915 2424 abnuis

138 2467 298 2529 regemque
312 2460 417 2526 terres,
433 2460 548 2530 sceptra
564 2450 634 2530 quid
649 2450 768 2531 possint
779 2448 866 2511 ¹scies.

140 2536 336 2614 complectere
351 2553 430 2598 aras:
447 2535 548 2597 nullus
564 2535 669 2615 eripiet
688 2535 761 2596 deus

139 2626 168 2680 te
182 2619 264 2697 mihi,
281 2639 337 2682 nec
352 2619 423 2691 orbe
439 2621 464 2682 si
480 2620 614 2682 remolito
630 2629 718 2699 queat

135 2703 174 2763 ad
190 2722 297 2785 supera
312 2705 406 2768 victor
420 2706 542 2767 numina
559 2706 674 2767 Alcides
688 2705 764 2765 vehi.

139 2791 289 2867 congerite
305 2790 408 2852 silvas:
432 2792 540 2872 templa
556 2789 741 2872 supplicibus
756 2787 818 2850 suis

137 2874 244 2936 iniecta
259 2876 401 2955 flagrent,
417 2877 572 2956 coniugem
589 2884 619 2937 et
634 2883 728 2937 totum
746 2891 864 2953 gregem

138 2969 294 3021 consumat
308 2980 388 3022 unus
403 2962 473 3040 igne
488 2961 620 3024 subiecto
635 2978 737 3039 rogus.

94 3084 97 3092 Α
139 3062 227 3104 anon.
258 3045 445 3108 Hocmunus
461 3067 477 3108 a
492 3053 521 3109 te
537 3046 654 3125 genitor
669 3044 787 3106 Alcidae
803 3046 882 3123 peto,
929 3056 934 3061 ’

137 3145 244 3207 rogare
259 3131 338 3210 quod
352 3150 401 3193 me
416 3132 527 3204 deceat,
542 3140 576 3192 ut
590 3131 704 3212 primus
720 3130 829 3190 cadam.
851 3152 865 3163 ·’

138 3232 203 3275 nuc.
233 3214 289 3287 Qui
304 3224 399 3278 morte
415 3226 539 3279 cunctos
558 3216 640 3278 luere
655 3214 833 3296 supplicium
849 3211 932 3274 iubet

139 3299 235 3361 nescit
249 3310 490 3381 tyrannus-esse:
522 3301 633 3363 diversa
648 3300 769 3379 inroga3
795 3322 797 3329 '
869 3316 870 3320 ’

137 3384 280 3447 miserum
295 3393 357 3448 veta
372 3388 481 3466 perire,
497 3387 611 3455 felicem
626 3385 704 3447 iube.
989 3450 991 3453 .

137 3486 204 3547 ego,
221 3470 291 3531 dum
307 3473 473 3534 cremandis
488 3471 620 3534 trabibus
635 3469 777 3533 accrescit
792 3484 893 3547 rogus,

223 3725 273 3776 4⁸19
296 3723 367 3791 Lyci
383 3729 449 3775 nota
464 3723 591 3790 praefica
608 3723 641 3784 Σ,
660 3736 737 3772 eruca
754 3720 779 3771 E
864 3719 914 3771 483
939 3716 1091 3784 hospitalem
1110 3715 1213 3768 caedem

136 3789 265 3844 minantes
276 3791 308 3842 E.
318 3820 353 3831 -
362 3793 455 3845 obvius
466 3792 542 3845 codd.
553 3793 674 3843 correxit
687 3789 719 3841 de
732 3788 913 3844 Wilamowitz
965 3788 1015 3840 486
1033 3789 1136 3839 coactus
1155 3789 1214 3837 ante

134 3856 270 3924 Geryones
287 3859 345 3926 pati.
359 3861 385 3911 A
441 3862 491 3913 490
510 3858 795 3912 dabis-coddcomoet
849 3856 898 3908 497
918 3857 1003 3907 vostro
1021 3854 1046 3905 E
1103 3856 1153 3907 ool
1171 3852 1215 3913 do·

136 3924 228 4044 molito
246 3927 271 3978 Ε
323 3931 373 3982 508
392 3928 508 3982 subiecto
524 3928 597 3983 locus
617 3926 693 3980 codd.
707 3927 827 3978 corrosit
844 3925 977 3975 Acontius
1045 3924 1095 3976 stt
1114 3922 1215 3975 divorsa

135 3993 164 4044 in
193 4008 239 4047 oca
257 3995 283 4046 E

191 4086 286 4129 Senecae
300 4086 426 4138 tragoedlae
441 4088 471 4129 11.
995 4093 1010 4144 2
