2790 4494
580 238 608 280 L·
625 238 729 282 tantm
743 236 873 282 amdan

317 410 427 454 munus
441 389 512 453 dum
526 397 668 469 properat
682 407 820 465 cernere,
836 384 972 470 perdidit.

403 476 484 548 Quae
499 474 576 536 vinci
591 476 689 554 potuit
702 476 782 556 regia
799 476 939 551 carmine,

317 562 390 624 haec
404 561 481 623 vinci
496 560 608 640 peterit
621 560 701 641 regia
717 560 837 623 virihns.

479 695 678 760 flcncvnns

278 807 302 870 0
318 807 395 871 lucis
410 806 502 869 almam
517 817 616 869 rector
631 815 661 869 et
675 806 748 869 caeli
764 805 866 884 decus,

192 893 244 975 qui
258 894 371 956 alterna
386 911 477 954 curru
492 893 587 973 spatia
600 892 775 954 flammifero
790 892 922 955 ambiens

192 980 318 1043 inlustre
332 978 399 1040 latis
415 977 510 1040 exeris
526 976 613 1040 terris
628 988 726 1057 caput,

193 1066 238 1140 da,
253 1064 384 1140 Phoebe,
395 1064 520 1139 veniam,
535 1065 561 1125 si
575 1062 648 1142 quid
662 1062 807 1124 inlicitum
823 1063 867 1125 tui

192 1150 292 1211 ridere
306 1148 420 1210 vultus:
437 1148 537 1209 iussus
551 1149 582 1210 in
597 1148 695 1211 lucem
711 1147 802 1211 extuli

193 1250 299 1297 arcana
313 1232 427 1296 mundi.
465 1240 568 1313 tuque,
584 1234 742 1295 caelestum
758 1232 869 1296 arbiter

193 1338 377 1401 parensque,
392 1316 472 1380 risus
486 1318 611 1381 fulmine
626 1318 764 1399 opposita
779 1328 864 1397 tege;

194 1413 223 1468 et
237 1412 286 1481 tu,
302 1403 434 1466 secunde
449 1404 540 1466 maria
556 1403 607 1484 qui
621 1411 740 1484 sceptro
756 1404 846 1484 regis,

193 1491 268 1553 imas
282 1497 351 1570 pete
366 1489 469 1550 undas.
508 1488 644 1570 quisquis
658 1508 694 1552 ex
708 1489 766 1550 alte
781 1490 888 1572 aspicit

193 1585 320 1647 terrena,
336 1573 411 1636 lacie
424 1573 519 1656 pollui
532 1583 669 1649 metuens
683 1593 768 1650 nova,

195 1661 288 1723 aciem
303 1661 435 1722 reflectat
450 1677 562 1739 eraque
573 1660 604 1721 in
620 1661 732 1723 caelum
749 1660 843 1740 erigat

194 1753 332 1827 portenta
347 1744 479 1831 fugiens.
503 1746 562 1807 hcc
577 1746 659 1807 nefas
674 1754 799 1807 cernant
813 1745 882 1821 duo,

197 1850 248 1912 qur
240 1830 376 1893 advexit
391 1838 420 1892 et
435 1848 511 1909 quae
525 1830 621 1892 iussit.
651 1831 684 1892 in
698 1848 811 1910 poenas
825 1848 905 1892 meas

196 1925 285 1996 atque
299 1916 330 1978 in
345 1913 462 1977 labores
477 1933 538 1977 non
554 1914 625 1978 satis
639 1923 735 1977 terrae
749 1923 851 1996 patent

195 1999 320 2063 lunonis
335 1999 417 2062 odic:
433 1999 515 2060 vidi
506 2018 657 2062 rnaccessa
672 2000 821 2075 omnihus,

197 2085 298 2164 ignota
312 2084 432 2147 Phcebo
449 2103 585 2165 quaeque
599 2085 729 2147 deterior
743 2086 831 2165 polus

198 2169 324 2232 chacura
339 2169 403 2230 diro
418 2170 511 2249 spatia
527 2171 676 2234 concessit
690 2171 766 2245 leri3

198 2262 237 2329 et,
251 2254 277 2317 si
292 2255 445 2334 placerent
459 2255 561 2318 tertiae
574 2255 663 2317 sertis
680 2255 755 2331 loca,

198 2358 324 2420 regnare
338 2339 439 2418 potuit
456 2340 553 2403 nectis
568 2348 704 2402 aeternae
720 2341 809 2401 chaos

199 2434 228 2486 et
243 2433 329 2486 nocte
344 2424 482 2503 quiddam
498 2425 614 2505 gravius
629 2433 659 2487 et
673 2425 772 2488 tristes
787 2425 859 2487 deus

199 2518 229 2572 et
242 2510 300 2572 lata
314 2509 388 2585 ridi,
404 2519 499 2572 mcrte
514 2518 681 2591 contempta
696 2509 759 2573 redi
774 2544 817 2557 -

200 2595 272 2675 quid
285 2602 377 2657 restat
390 2593 492 2657 aliud?
514 2594 572 2656 vidi
588 2603 617 2657 et
632 2595 749 2659 ostendi
763 2596 886 2658 interos.

200 2681 236 2742 da
250 2679 359 2760 siquid
374 2680 451 2742 ultra
467 2690 527 2757 est,
543 2680 600 2742 iarn
616 2681 667 2743 diu
681 2681 792 2762 pateris
805 2699 910 2743 manus

201 2785 318 2828 cessare
332 2773 458 2840 nostras,
474 2766 566 2842 lunc;
583 2785 659 2846 quae
673 2765 751 2829 vinci
767 2764 874 2830 iuhes‘l

286 2851 344 2913 Sed
357 2852 467 2932 templa
482 2870 574 2932 quare
588 2851 674 2914 miles
689 2852 815 2914 infestus
829 2860 911 2915 tenet

200 2937 351 3015 limenque
366 2954 482 2998 sacrum
498 2944 596 2999 terror
610 2955 759 2999 armerum
779 2934 916 3000 obsidet?

420 3070 670 3134 AMPHITRYON

286 3175 430 3242 Vtrumne
445 3181 525 3243 risus
539 3188 605 3242 veta
619 3182 774 3262 decipiunt
786 3200 878 3257 meos,

202 3283 239 3327 an
255 3264 305 3326 ille
321 3265 448 3326 domitor
463 3264 543 3327 crhis
560 3277 590 3328 et
604 3266 725 3329 Graium
739 3268 830 3330 decus

201 3349 279 3412 tristi
294 3350 430 3412 silentem
446 3349 550 3413 nubile
565 3350 652 3431 h'quit
665 3350 809 3415 demum?

203 3442 287 3499 estne
301 3435 350 3497 ille
366 3433 476 3498 natus?
496 3435 627 3499 membra
641 3437 750 3502 laetitia
764 3445 896 3517 stupent.

203 3541 221 3584 u
237 3528 314 3598 nate,
331 3531 410 3584 certa
425 3530 454 3583 at
468 3540 534 3583 sera
548 3521 716 3585 Thebarum
731 3525 820 3602 salus,

289 3707 339 3758 590
357 3705 474 3758 mutibus
488 3707 513 3758 A
582 3708 723 3762 5941aetis
741 3710 766 3760 A
835 3711 884 3761 597
903 3711 1000 3762 secreta
1019 3707 1106 3760 muudi
1124 3709 1158 3786 A:
1170 3736 1204 3746 -
1222 3720 1280 3759 cae-

204 3771 345 3826 lestinmlt'
413 3777 462 3828 act
480 3775 674 3842 qua.-qued
686 3777 963 3844 pelusiacum
972 3776 998 3828 ll
1065 3779 1115 3830 612
1133 3775 1280 3828 viciecdd

206 3844 315 3892 correxi
378 3844 428 3895 614
445 3846 498 3894 tam
515 3843 593 3895 diuA
658 3848 709 3899 615
726 3845 821 3912 quidA
885 3848 935 3899 618
953 3845 1132 3914 Amphytricn.
1151 3843 1281 3897 Hercules

204 3902 313 3974 Megara.
331 3907 447 3963 Theseus
463 3913 784 3965 scaenaeimeribiturh'
805 3912 835 3965 ll
849 3914 879 3966 A.
893 3912 940 3965 Th.
953 3915 979 3965 A
996 3918 1069 3978 (unte
1085 3912 1138 3966 592
1148 3916 1175 3977 ς)
1229 3913 1280 3964 622

205 3981 274 4026 certa
291 3980 318 4026 et
335 3988 393 4028 sera
410 3978 486 4029 cedd.
505 3984 626 4032 correxit
645 3979 775 4034 Gruterus
791 3981 840 4048 (ad
856 3982 976 4048 v.1117)
