2648 4478
184 222 238 309 ’66
566 263 604 305 ors
625 260 755 305 nanctus
776 261 899 304 onrsao.

197 416 389 478 coalescente.
435 414 520 476 etiam
554 416 635 478 1354
666 414 929 494 reprehendendus
957 414 1086 493 scriptor
1115 421 1159 474 est
1190 413 1274 492 quod
1313 432 1314 495 j

196 506 354 564 iactasset
375 512 415 563 est
437 500 567 562 scribere
588 498 691 560 maluit
713 516 800 578 quam
822 504 914 561 iratae
935 510 975 560 est
989 504 1076 573 sctis3
1098 494 1128 559 id
1143 499 1228 577 quod
1243 499 1274 560 in
1313 502 1314 573 l

196 606 223 648 r.
242 588 322 651 1858
347 605 408 647 non
431 584 508 647 cadit
529 586 555 646 si
577 590 656 646 recte
671 583 815 664 Peiperus
836 583 957 665 scripsit
977 594 1023 645 sot
1043 604 1081 646 es.
1115 584 1165 645 sed
1182 603 1274 664 prava
1313 590 1314 667 l

197 691 317 753 quoque
339 672 464 732 invicem
486 688 519 730 so
540 675 671 731 tuentur.
716 669 864 749 pessimus
887 678 932 732 est
953 687 979 729 v.
1001 671 1083 733 1298
1313 670 1314 703 ³

400 768 499 818 votum
521 755 679 835 spopondit.
723 753 806 815 nullu
822 764 944 850 propter
963 772 1011 816 me
1032 772 1112 817 suero
1313 800 1314 821 1

196 840 275 921 quod
298 849 331 902 ut
353 839 561 902 viditBotlrius
583 846 693 900 temere
716 848 853 899 correxit.
883 838 987 900 similis
1010 858 1071 901 non
1093 838 1199 900 simffls
1222 856 1273 899 ex·
1313 824 1314 901 l

397 1026 453 1089 pro
474 1029 520 1070 me
540 1009 655 1089 perolas
677 1006 759 1080 dello,
778 1020 900 1089 propter
920 1029 966 1070 oce
987 1026 1084 1090 vapos,
1313 1076 1314 1095 ¹

196 1095 249 1175 qui
270 1104 304 1156 ut
323 1094 418 1156 multo
441 1093 541 1155 minus
564 1094 692 1154 offendat
713 1110 835 1155 caesura
858 1093 1099 1174 semiseptenaria
1114 1093 1222 1168 efficia
1245 1103 1273 1155 et
1313 1102 1314 1187 p

197 1180 260 1242 clus
283 1179 426 1260 gemellus
448 1179 704 1241 aerumnoso
1313 1190 1314 1255 t

400 1275 531 1344 superate
552 1275 579 1326 et
600 1263 710 1343 aliquid
729 1265 826 1343 scelte,
850 1273 969 1344 propter
990 1262 1065 1344 paod
1082 1275 1208 1345 porram.
1313 1260 1314 1345 l

196 1350 269 1411 haec
299 1351 361 1410 lere
390 1358 461 1410 sunt
484 1364 558 1429 quae
580 1350 617 1410 (15
639 1349 780 1409 trimetris
803 1358 872 1429 post
894 1349 966 1410 alios
989 1348 1169 1411 observanda
1192 1349 1271 1411 vitle-
1313 1350 1314 1403 1

196 1441 294 1496 antur.
339 1452 406 1495 nam
432 1435 511 1498 1861

401 1520 511 1597 defesso
533 1538 705 1600 prampaom
725 1516 862 1590 bruschio,
884 1528 918 1580 ut
939 1516 1081 1581 invidiam
1107 1521 1165 1582 dcis

195 1605 337 1666 trecentis
360 1604 468 1666 abhinc
489 1606 576 1665 annis
598 1614 766 1666 correctum
789 1612 848 1664 est:
873 1618 930 1664 neo
949 1611 1031 1665 corte
1048 1604 1163 1667 Bentlei
1184 1620 1270 1667 aures

79 1736 83 1745 ,
196 1690 298 1751 hahuit
318 1689 354 1750 N.
377 1689 518 1751 Heinsius
546 1690 598 1768 qui
629 1690 710 1753 1652
732 1685 854 1772 (virtute
880 1688 957 1768 selim
978 1693 1091 1753 iuvenes
1111 1690 1163 1752 loos
1183 1709 1271 1753 uum-
1313 1692 1314 1769 1

197 1789 282 1857 mom
310 1779 417 1837 tantas
445 1794 470 1835 5.
494 1794 523 1854 q.
546 1776 583 1848 s.)
613 1773 740 1835 coniecit
763 1774 806 1835 lis
827 1784 907 1836 utera
927 1773 1012 1854 [elic.
1056 1784 1086 1836 at
1107 1776 1133 1837 si
1155 1776 1269 1856 Peiperi
1313 1784 1314 1829 t

196 1868 289 1922 aetate
311 1859 430 1920 risisset
450 1876 499 1920 res
521 1859 657 1920 metricas
678 1858 784 1920 molius
806 1858 982 1921 edidicisset.
1313 1856 1314 1919 ἲ

282 1946 313 2005 in
336 1944 457 2005 canticis
480 1963 573 2023 aeque
594 1960 743 2023 perpauca
760 1962 776 2004 a
793 1945 944 2005 communi
958 1945 1174 2025 tragoediarum
1188 1962 1269 2008 more
1313 1974 1314 2011 r

196 2029 350 2090 recedunt.
387 2029 596 2110 synaloepham
617 2029 774 2108 longarum
796 2029 941 2090 vocalium
964 2030 995 2091 in
1017 2030 1145 2092 Hercule
1160 2031 1270 2093 Oetaeo

196 2114 290 2194 magis
321 2115 407 2178 etiam
436 2130 524 2194 quam
553 2114 585 2175 in
615 2114 736 2193 reliquis
764 2114 881 2189 ritatam
910 2128 975 2177 esse
1003 2132 1037 2176 ea
1067 2116 1176 2179 docent
1197 2134 1269 2197 quae
1313 2124 1314 2195 l

197 2199 231 2261 Β.
254 2199 434 2261 Schmidtius
457 2218 487 2280 p.
503 2202 545 2266 15
560 2218 604 2278 sq.
628 2199 804 2279 composuit.
834 2208 932 2261 tamen
956 2219 1050 2261 unum
1071 2201 1151 2262 inter
1167 2219 1268 2264 omnes

196 2284 245 2345 illa
261 2302 437 2364 quamquam
452 2284 602 2346 lenissimi
613 2285 730 2363 generis
748 2286 914 2364 exemplum
929 2285 1017 2347 habet
1037 2286 1145 2367 longae
1165 2287 1269 2348 vocalis
1313 2278 1314 2323 t

198 2387 267 2431 cum
282 2369 362 2430 brevi
377 2369 408 2430 in
424 2369 547 2430 canticis
562 2369 770 2431 coalescentis:
796 2371 877 2433 1956
893 2381 966 2432 certe
980 2389 1028 2450 epo
1044 2383 1070 2433 te
1084 2373 1153 2434 cidi.
1183 2380 1269 2433 tetra-

196 2453 285 2515 metri
306 2455 440 2535 dactylici
462 2454 493 2515 in
515 2454 623 2535 quibus
644 2453 717 2516 illud
739 2452 888 2517 invenitur
902 2470 965 2518 uno
980 2466 1085 2518 tenone
1099 2457 1268 2532 decurrunt,
1313 2464 1314 2523 l

198 2538 353 2601 (555555.
370 2541 535 2604 ror-ca:
560 2539 765 2619 oeaamsq.
783 2558 844 2601 non
860 2541 1147 2616 tommsmmiu.
1163 2561 1193 2622 p.
1210 2544 1268 2611 sot.

198 2625 234 2685 (15
255 2627 510 2705 anapaestioorunr
532 2634 593 2686 arte
616 2643 678 2685 non
699 2625 793 2686 haloeo
810 2626 889 2704 quod
905 2645 920 2686 a
935 2627 1097 2687 Schmidtio
1112 2626 1269 2688 observatis

197 2708 299 2770 addam
323 2711 364 2790 (5.
388 2712 428 2774 67
451 2712 526 2789 55)(
557 2711 636 2790 quod
664 2717 782 2790 praeter
805 2711 951 2772 Octaviam
974 2713 1065 2773 semel
1090 2713 1122 2773 in
1144 2711 1269 2774 Hercule

197 2794 298 2875 priore
318 2794 428 2857 iactum
451 2803 496 2856 551
517 2796 615 2872 (1064
636 2795 736 2858 solvite
756 2798 877 2876 supera),
900 2795 992 2857 bisin
1008 2794 1072 2859 ΗΟ.
1088 2797 1267 2859 invenimus:

112 2943 113 2946 ,
201 2882 259 2944 185
281 2881 382 2962 555115
403 2885 501 2960 superi
522 2881 604 2962 (sipat
617 2880 653 2958 A)
676 2889 706 2943 51
730 2882 810 2945 1883
826 2880 950 2944 Arcades
964 2882 1066 2945 alitus.
1097 2900 1165 2944 nam
1189 2881 1265 2946 1887
1313 2928 1314 2951 2

198 2983 286 3044 quem
309 2967 368 3027 lruo
389 2965 545 3026 trahebant
565 2965 620 3025 viri
642 2964 722 3026 docti
736 2967 877 3027 Gronovii
892 2968 1062 3028 testimonio
1077 2968 1193 3048 decepti
1207 2985 1265 3028 non
1313 2954 1314 3039 l

193 3055 300 3132 poscite
321 3050 352 3110 in
374 3050 402 3110 11
421 3051 530 3130 legitur
550 3051 601 3111 sed
621 3053 722 3130 poscit,
745 3058 779 3112 ut
799 3068 867 3112 cum
892 3052 973 3116 1888
993 3053 1220 3131 coniungendas
1235 3050 1269 3112 sit

199 3144 228 3196 et
250 3136 293 3217 sic
314 3134 472 3215 legendus:
1313 3164 1314 3203 l

402 3236 506 3299 mopso
528 3219 642 3281 Alcidae
660 3224 754 3307 poscit
771 3224 909 3299 percitam

401 3315 510 3366 strutus
530 3309 633 3366 vestris
654 3308 773 3384 suetiper
794 3309 881 3384 apris.

201 3402 237 3467 (15
260 3404 324 3467 51115
345 3404 448 3467 metris
470 3406 585 3468 adferre
606 3413 721 3467 tantum
744 3423 865 3485 possum
887 3408 967 3487 quod
993 3410 1050 3472 151

402 3506 491 3571 nullis
511 3507 679 3572 vulneribus
697 3513 800 3589 percio
821 3510 950 3572 membra
971 3506 1038 3572 aaut

199 3610 231 3671 in
246 3607 436 3688 asclepiadeis
453 3608 681 3690 dodecasyllabis
697 3610 804 3673 unicus
820 3621 865 3673 551
881 3612 1084 3692 monosyllabo
1099 3610 1267 3673 terminatus

198 3697 277 3770 (5.5.
298 3695 337 3756 (15
358 3714 385 3756 r.
407 3697 501 3770 939);
530 3702 633 3756 contra
658 3697 739 3758 1543

401 3798 538 3860 iusserint
559 3799 639 3859 55151
659 3800 731 3860 r'acct
753 3798 886 3860 omullus
902 3816 962 3878 por

197 3916 260 3959 non
290 3890 398 3958 unicus
422 3918 440 3958 5
463 3897 622 3977 sapphicis.
669 3917 846 3979 quamquam
869 3910 988 3981 5555155
1008 3900 1078 3962 Tro.
1102 3881 1164 3965 858
1183 3897 1267 3979 (qood

197 3992 294 4043 monet
320 3982 418 4059 fotum
445 3984 613 4044 domiuume
640 3988 703 4063 poia
732 3983 793 4063 151)
827 3995 857 4047 51
887 3987 969 4050 1618
1003 3988 1097 4063 (acmo
1126 4004 1156 4047 se
1182 3981 1267 4045 credet
