2648 4478
189 223 231 287 58
559 242 597 284 nn
618 241 748 285 nnncvne
770 240 893 284 onrano

190 399 338 454 cantatum
361 390 433 453 illud
449 393 485 453 de
502 392 581 452 bono
597 390 726 453 Homero
741 348 934 472 praetendant
949 399 979 452 et
993 391 1136 454 Senecam
1150 392 1315 454 medio-

189 496 270 540 crem
288 485 367 538 certe
390 486 506 574 poetam
529 478 708 557 quandoque
728 476 934 539 dormitantem
949 495 1010 537 non
1026 476 1180 539 mirentur.
1217 477 1315 549 de

189 563 415 625 monstrandum
444 563 535 641 igitur
563 563 642 641 quod
673 580 765 623 unum
795 562 891 623 adbuc
921 568 1026 637 restat,
1062 562 1139 625 haud
1166 579 1315 660 pauca

189 647 337 710 scilicetf
336 648 394 709 ersi
418 648 448 708 in
471 646 526 709 hac
547 646 644 709 fabula
666 665 741 726 quae
762 665 779 707 a
802 646 932 707 Senecae
954 665 1009 707 usu
1032 646 1125 708 aliena
1149 647 1225 708 sint.
1314 650 1315 721 j

276 739 363 811 atque
385 732 522 794 metricas
543 732 662 812 quidem
686 732 815 794 rationes
837 732 916 793 inter
937 731 1013 792 banc
1033 739 1209 811 ceterasque
1227 733 1272 794 la·

189 818 274 880 bulas
296 818 334 878 ita
356 816 492 897 aequales
515 835 596 891 esse,
626 826 660 879 ut
687 818 766 878 haud
788 835 894 896 magno
916 818 1059 896 temporis
1081 817 1174 898 spatio
1199 821 1270 879 sine

190 903 280 964 dubio
303 921 407 964 omnes
429 903 634 977 detineantur,
656 902 753 981 primo
775 901 841 962 loco
857 901 992 963 diximus
1029 921 1090 981 quo
1105 911 1186 963 certe
1203 921 1268 963 non
1314 926 1315 963 3

128 986 134 991 ’
189 988 320 1050 levamur
349 987 446 1049 citicio
476 1005 552 1067 quae
581 948 658 1047 forle
686 985 829 1049 Hercules
859 986 985 1048 Oetaeus
1013 987 1126 1048 diversa
1158 986 1315 1053 hebeat

190 1072 385 1135 examinandi
429 1071 558 1151 primum
580 1090 649 1133 vero
673 1070 821 1151 quomode
844 1072 1046 1152 aequalitatem
1070 1072 1154 1133 istam
1175 1066 1315 1135 intel

189 1159 293 1219 lectam
316 1158 401 1218 velim
425 1157 567 1236 exemplis
589 1174 651 1218 uno
673 1156 800 1218 alterove
822 1175 968 1237 exponam
991 1157 1138 1236 equibus
1168 1175 1268 1237 quau·
1314 1200 1315 1225 ³

189 1242 430 1339 tulumcumque
437 1242 515 1304 hanc
536 1259 656 1321 quoque
678 1243 710 1302 in
733 1241 934 1339 quaestionem
956 1242 1032 1304 lucri
1054 1243 1113 1303 hat.
1314 1240 1315 1329 0

276 1328 401 1389 creticos
423 1327 455 1388 in
478 1326 602 1388 trimetri
624 1328 683 1389 fine
703 1327 816 1424 positos
831 1345 900 1389 cum
914 1327 1106 1388 antecedente
1120 1326 1315 1389 vocabulo
1314 1372 1315 1399 ,

190 1412 357 1474 coalescere
383 1413 446 1473 lere
476 1412 640 1490 legitimum
671 1421 715 1473 est
742 1413 774 1475 in
803 1414 932 1474 Senecae
961 1412 1120 1492 tragoediis
1149 1412 1266 1485 (cl.B.
1314 1486 1315 1489 ¹

190 1498 325 1560 Schmidt
353 1497 390 1558 de
419 1498 534 1559 emend
557 1497 627 1558 Sen.
651 1504 725 1574 trag
755 1516 785 1578 p.
809 1500 849 1561 37
872 1499 945 1577 sqq)
974 1498 1054 1576 quod
1083 1496 1267 1576 tragicorum

190 1582 371 1645 Graecorum
393 1600 449 1643 usu
474 1590 503 1644 et
523 1581 697 1644 auctoritate
718 1583 828 1644 lactum
850 1601 916 1644 esse
941 1589 971 1644 et
992 1581 1172 1643 Schmidtius
1195 1582 1266 1643 vidit
1314 1574 1315 1629 l

190 1679 220 1729 et
246 1670 439 1729 confirmatur
467 1675 633 1764 comparata
661 1685 799 1729 versuum
827 1666 918 1729 latino
947 1667 1008 1729 ritu
1031 1666 1267 1764 compositorum

190 1763 267 1816 arte:
299 1752 430 1814 Terentii
460 1753 538 1814 enim
565 1761 599 1814 ut
621 1753 755 1831 exemplo
777 1762 859 1830 utar,
890 1753 921 1814 in
944 1751 1022 1814 Haut
1010 1753 1264 1814 tontimorumenc

191 1839 253 1902 489
275 1837 435 1899 trimetros
449 1838 601 1933 complexa
627 1840 686 1900 174
710 1837 812 1899 cretici
834 1838 865 1898 in
881 1837 941 1899 tine
956 1856 1058 1900 versus
1074 1846 1174 1899 enmnt
1190 1855 1266 1916 quo·

189 1941 257 1983 rum
279 1924 319 1985 27
345 1922 375 1995 (i
392 1941 416 1982 ι.
437 1925 454 1985 7
478 1921 556 1984 inter
579 1924 732 1998 centenos)
755 1941 822 1984 cum
844 1941 915 1984 voce
937 1923 1130 1985 antecedente
1150 1922 1267 1984 coales-

190 2019 272 2084 cunt,
291 2008 348 2069 147
365 2007 397 2082 (i.
411 2025 436 2067 e
448 2008 488 2070 30
501 2007 580 2069 inter
594 2011 746 2084 centenos)
764 2027 825 2069 non
838 2009 1025 2083 coalescunt3
1043 2007 1113 2069 item
1126 2008 1157 2068 in
1170 2007 1266 2069 Phae·

191 2092 236 2155 dri
257 2090 391 2153 versibus
414 2094 431 2153 7
456 2091 534 2153 inter
559 2095 618 2156 100
641 2093 821 2168 coalescunt,
844 2095 885 2156 20
901 2112 962 2154 non
977 2093 1155 2155 coalescunt.
1189 2094 1266 2154 inter

191 2178 320 2239 Senecae
342 2195 411 2237 vero
434 2176 583 2239 trimetros
606 2184 748 2239 centenos
771 2178 950 2240 clauduntur
965 2178 1082 2240 creticis
1097 2196 1163 2241 cum
1181 2184 1264 2240 ante-

190 2263 315 2324 cedente
336 2279 407 2323 voce
429 2262 663 2324 coalescentibus
692 2263 723 2325 in
746 2262 794 2323 Hl.
820 2265 869 2336 11,
891 2273 915 2338 6,
946 2282 1007 2327 non
1030 2263 1265 2328 coalescentibus

190 2349 275 2423 2,1;
304 2345 378 2426 Thy.
402 2348 432 2423 9,
455 2357 484 2408 8:
514 2349 603 2422 2‚05;
638 2346 752 2410 Phoen.
777 2351 826 2423 10,
849 2359 878 2409 2:
906 2352 932 2424 1,
953 2359 986 2422 53
1013 2348 1121 2410 Phaed.
1149 2350 1205 2412 10:
1233 2352 1262 2421 1;
1314 2344 1315 2427 0

191 2433 351 2506 cesar:
374 2435 450 2508 0‚o;
474 2432 612 2496 Tro.10:
631 2437 672 2516 1;
701 2432 777 2494 bled.
797 2437 845 2509 11,
860 2443 889 2494 t:
916 2437 990 2509 1,9;
1021 2436 1073 2512 hg.
1090 2437 1164 2508 7‚³:
1193 2436 1264 2508 1,1;

190 2516 244 2580 He
261 2518 290 2593 9,
306 2527 335 2577 4:
361 2519 390 2589 0,
405 2526 430 2578 8.
459 2517 491 2578 in
514 2517 622 2597 quihus
645 2518 755 2580 nullam
777 2519 840 2580 lere
863 2517 1057 2582 differentiam
1080 2537 1144 2580 esse
1168 2518 1264 2600 vides3

190 2602 222 2664 in
247 2601 364 2665 Octavia
387 2620 456 2662 vero
479 2611 509 2665 et
530 2603 707 2665 ereticorum
730 2622 803 2665 usus
826 2603 921 2665 rarior
942 2612 971 2665 et
986 2623 1047 2665 non
1064 2604 1263 2667 coalescentes

190 2705 314 2768 prorsus
344 2686 439 2747 evitati
471 2695 557 2764 sunt,
586 2687 611 2747 si
641 2695 721 2749 recte
743 2708 840 2769 nuper
862 2708 888 2748 v.
911 2691 972 2751 457
997 2689 1070 2751 eieci
1092 2688 1208 2766 (Herm.
1230 2687 1264 2760 X,

189 2792 220 2854 p.
244 2774 329 2845 439).
370 2779 473 2833 contra
496 2772 646 2834 invenitur
667 2774 698 2834 in
723 2773 841 2835 Octavia
863 2773 1038 2854 bisyllabum
1059 2774 1180 2835 hibreve
1204 2791 1262 2836 non

190 2857 360 2920 coalescens
383 2875 450 2919 cum
473 2858 583 2920 cretico
606 2858 681 2935 (393
702 2878 791 2938 pecus
810 2860 961 2939 impium);
993 2860 1079 2921 cuius
1100 2858 1143 2921 rei
1165 2877 1263 2921 exem·

189 2944 273 3024 plum
296 2961 363 3004 cum
379 2952 531 3022 praeterea
552 2943 584 3004 in
606 2943 653 3004 his
667 2943 826 3021 tragoediis
841 2963 901 3005 non
920 2953 1007 3021 extet,
1030 2952 1075 3006 ter
1089 2945 1120 3005 in
1136 2942 1263 3007 Hercule

190 3027 226 3089 de
242 3047 299 3107 qua
314 3027 427 3105 agimus
443 3027 586 3090 occurrit:
603 3039 680 3091 caret
693 3027 817 3091 Hercule
822 3051 833 3103 ,·
855 3031 938 3108 feror
955 3031 1072 3104 obruta3
1091 3031 1172 3092 duret
1187 3029 1263 3091 Her-

190 3112 265 3174 cules
287 3113 371 3189 (400.
396 3114 467 3175 757.
492 3113 596 3188 1847).
634 3112 671 3175 cl.
694 3114 828 3176 Schmidt
849 3134 879 3194 p.
897 3116 947 3178 53.

275 3195 398 3259 alterum
427 3197 451 3258 si
482 3197 539 3258 iam
568 3196 604 3258 ab
632 3198 689 3259 alio
720 3206 898 3280 occupatum
926 3199 964 3261 sit
991 3217 1039 3261 me
1069 3206 1149 3263 certe
1178 3200 1262 3278 fugit.

190 3299 300 3360 nempe
322 3282 518 3361 synaloephae
541 3300 627 3343 usum
651 3301 739 3362 quem
761 3285 823 3345 lere
846 3285 960 3347 nullum
988 3304 1052 3346 esse
1074 3284 1105 3345 in
1128 3284 1263 3364 personis

189 3367 337 3428 mutandis
359 3367 540 3428 Schmidtius
563 3368 594 3441 (l.
608 3387 633 3428 s.
648 3388 680 3448 p.
698 3370 751 3445 20)
774 3370 937 3431 rectissime
960 3368 1132 3446 observavit,
1155 3371 1263 3432 artiore

191 3452 278 3513 etiam
299 3452 364 3530 lege
386 3452 431 3512 vel
452 3453 483 3513 in
499 3452 647 3513 lenissima
663 3455 876 3516 sententiarum
893 3453 1083 3516 distinctione
1098 3454 1262 3517 adstrinxit.

188 3536 353 3599 admittitur
380 3547 479 3601 autem
507 3537 640 3599 omniurn
663 3539 800 3601 facillime
821 3540 852 3601 in
877 3539 1013 3619 gravibus
1034 3538 1260 3619 monosyllabis:

188 3632 216 3684 et
237 3642 270 3686 oc
292 3641 445 3703 persaepe,
466 3622 511 3685 bie
532 3623 598 3685 binc
620 3632 674 3685 etc.
698 3625 778 3687 unde
793 3624 914 3700 viciens,
936 3629 969 3687 ιἰι
985 3624 1262 3700 condomesticus,

188 3708 373 3782 terdeciens,
396 3718 448 3769 out
469 3703 507 3769 ab
530 3708 656 3784 seriens,
687 3710 717 3770 in
740 3708 997 3783 interiectionibus
1017 3711 1046 3786 (o
1068 3711 1100 3785 c)
1122 3717 1168 3771 ter
1192 3728 1260 3790 qua-

189 3802 285 3864 terve,
314 3791 393 3855 baud
420 3793 532 3855 Phoen.
557 3795 618 3857 377
662 3813 698 3857 ee
726 3793 917 3859 dentosa.
962 3813 1049 3855 voces
1077 3795 1145 3874 plus
1176 3810 1261 3873 quam

190 3875 347 3955 hisyllabae
359 3896 421 3938 non
436 3878 607 3941 coalescunt
622 3879 679 3942 nisi
694 3879 724 3940 in
740 3880 871 3942 secunda
886 3878 995 3960 syllaba
1011 3888 1112 3941 acutae
1127 3888 1162 3941 ut
1177 3896 1261 3961 syna·

193 3961 301 4040 loepha
322 3961 353 4022 in
376 3963 434 4023 arsi
456 3962 521 4024 fiat:
545 3965 624 4043 quod
647 3973 693 4026 ter
715 3965 835 4026 deciens
856 3965 974 4047 accidit;
997 3964 1027 4026 in
1050 3964 1126 4030 thesi
1148 3972 1261 4028 tantum
