2652 4486
482 272 627 316 morena
650 256 796 331 [essenus]

106 442 210 487 secura
231 423 308 485 victo
330 423 448 485 tandem
470 422 507 486 ab
529 422 631 485 Alcide
652 434 743 500 vacat,

103 509 209 590 paelex
230 527 388 590 supersum
409 542 452 555 -
474 528 489 570 a
511 516 622 588 quanta
643 509 790 589 supplicia
811 518 928 590 expetet

104 614 145 657 ne
166 612 270 676 parere
292 594 419 676 possim!
449 595 519 657 lecit
540 594 590 656 liic
611 604 698 656 natus
720 594 792 656 mni

103 687 223 741 uterum
245 679 418 742 timendum.
462 698 538 759 quae
560 688 657 760 petam
678 679 819 743 emmane
840 678 928 747 loon?
984 702 989 715 ·

104 764 172 845 quis
193 784 242 827 me
264 765 358 841 locus,
381 765 571 846 quaeregio,
594 783 671 845 quae
692 765 795 827 mundi
817 766 904 847 plaga

104 850 244 912 defendet
265 859 316 913 ant
337 868 410 930 qnas
431 859 525 912 mater
547 850 579 911 in
600 849 726 912 latebras
745 867 817 928 agar

104 934 216 1014 ubique
237 953 292 1015 per
313 944 343 997 te
365 933 457 997 nota?
487 935 530 996 sio
552 935 674 1014 patriam
696 944 793 1014 petam

103 1021 241 1099 laresque
262 1017 408 1082 miseros?
437 1023 532 1100 Argos
554 1018 738 1098 Eurystheus
759 1027 855 1105 tenet3

103 1107 207 1167 marita
229 1105 346 1168 Thebas
366 1123 459 1184 regna
482 1113 512 1167 et
532 1104 672 1167 lsmenon
693 1112 795 1185 petam
894 1185 896 1188 y

102 1189 306 1271 thalamosque
328 1201 455 1261 nostros,
478 1191 510 1252 in
533 1189 641 1270 quibus
663 1190 812 1268 quondam
834 1191 931 1253 lovem

103 1273 208 1337 dilecta
229 1272 310 1336 vidi?
342 1293 397 1355 pro
420 1275 509 1337 nimis
530 1275 610 1351 felir,
632 1275 731 1347 ninam,

103 1359 130 1420 si
150 1358 357 1422 fulminantem
379 1369 410 1422 et
429 1360 492 1440 ipsa
511 1360 673 1423 sensissem
694 1359 809 1422 loreml

102 1444 216 1506 utinam
238 1446 312 1506 meis
333 1444 496 1506 visceribus
518 1444 635 1507 Alcides
657 1444 735 1506 foret
842 1485 846 1493 ·

103 1536 224 1592 emtus
245 1529 359 1592 inlansl
389 1548 471 1592 nunc
493 1531 592 1593 datum
614 1540 659 1592 est
679 1537 812 1610 tempus:
836 1530 935 1593 datum
955 1541 1002 1593 est

101 1615 202 1677 videre
224 1624 327 1676 natum
349 1614 435 1677 laude
454 1623 618 1677 certsntem
640 1615 712 1687 lovi,

103 1710 138 1762 ut
159 1709 188 1761 et
208 1700 267 1762 hoo
288 1700 418 1776 daretur,
440 1700 523 1762 scire.
538 1700 610 1780 quid
632 1701 724 1762 latum
745 1700 819 1765 rotet

102 1785 220 1864 eripere
241 1793 351 1865 posset.
397 1785 464 1866 quis
485 1802 599 1848 memor
619 1786 696 1848 nivet
715 1785 770 1860 tui,

103 1889 121 1930 o
145 1880 222 1945 nate,
244 1868 399 1951 populus?
427 1888 516 1932 omne
537 1869 595 1931 iam
617 1871 766 1950 ingratum
788 1879 833 1932 est
856 1888 960 1950 genus.
1113 1880 1174 1932 1819

103 1962 202 2035 petam
225 1953 374 2018 Cleonas?
403 1956 548 2019 Arcadum
571 1955 700 2037 populos
721 1964 818 2035 petam

101 2040 275 2121 meritisque
296 2049 390 2103 terras
412 2039 529 2102 nobiles
549 2058 690 2121 quaeram
710 2038 794 2102 tuis?

101 2125 152 2187 hic
174 2125 237 2187 dira
257 2144 381 2206 serpens
404 2125 519 2202 cecidit,
540 2127 590 2188 hic
610 2125 671 2188 ales
695 2126 767 2201 iera,

100 2210 151 2271 hio
172 2228 225 2272 rex
247 2219 399 2286 cruentus,
422 2210 471 2272 hic
492 2218 542 2273 tua
564 2212 674 2274 fractus
697 2228 786 2273 mann

102 2294 154 2376 qui
175 2303 206 2357 te
227 2296 343 2377 sepulto
366 2296 500 2377 possidet
522 2296 635 2360 caelum
657 2296 719 2358 len:

102 2380 128 2442 si
151 2389 232 2460 grata
253 2390 330 2443 terra
353 2380 559 2462 eetpopulus
582 2382 749 2444 Alcmenen
765 2388 853 2445 emm

102 2465 239 2528 defendat
260 2465 367 2529 omnis.
411 2467 551 2529 Thracias
574 2475 677 2546 gentes
700 2473 796 2547 mtam

101 2549 427 2633 Hebrique-populos?
455 2552 530 2615 haec
551 2566 672 2632 qnoque
693 2560 738 2614 est
760 2549 872 2613 meritis
894 2550 955 2613 tuis

102 2635 224 2697 delensa
245 2637 348 2698 tellus:
372 2636 575 2699 stabulacum
597 2654 690 2716 regno
713 2636 819 2697 iacent.

101 2720 151 2782 hio
172 2740 229 2801 pax
251 2729 375 2783 cruento
397 2740 467 2801 rege
489 2729 636 2802 prostrato
659 2721 725 2783 deta
747 2727 807 2783 eat:

103 2805 158 2867 uni
178 2807 258 2867 enim
281 2816 386 2885 negata
408 2805 474 2869 est?
504 2807 584 2888 quod
606 2806 660 2868 tili
681 2803 784 2867 infelix
806 2821 880 2867 enus

102 2908 242 2970 quaeram
265 2889 478 2972 sepulchrum?
508 2893 544 2954 de
566 2891 626 2953 tuis
647 2899 727 2971 totus
749 2889 830 2968 rogis

103 2976 263 3038 contendat
284 2976 374 3038 orbis.
418 2977 559 3057 reliquias
580 2977 680 3057 magni
702 2973 838 3036 llerculis

103 3060 171 3140 quis
194 3061 327 3142 populus
350 3074 400 3125 aut
423 3081 498 3142 quae
518 3062 638 3142 templa,
661 3079 737 3142 quae
758 3066 862 3139 gentes
884 3056 1012 3137 rogant?

190 3264 257 3315 1794
272 3277 406 3330 supersum
427 3262 460 3315 (le
482 3277 532 3329 qna
554 3262 640 3330 suppl.
657 3262 744 3328 exigat
761 3261 855 3329 (suppl.
873 3260 905 3314 cle
922 3272 972 3328 qna
990 3261 1132 3324 Aventino)
1149 3263 1174 3313 A

102 3344 234 3398 supersum
253 3345 266 3382 a
285 3345 335 3398 qna
352 3330 437 3399 suppl.
456 3334 558 3398 expetet
574 3331 600 3382 E
615 3332 725 3382 corrone·
740 3330 856 3396 (antiqua
873 3344 893 3383 s.
914 3330 1050 3396 l’ec'perut)
1109 3332 1174 3384 1795

82 3412 204 3464 possem
220 3400 247 3450 A
317 3402 382 3452 1799
400 3403 473 3451 utero
496 3398 608 3450 timenda
629 3398 663 3450 E'
732 3400 797 3451 1799
814 3413 840 3450 n.
863 3400 932 3450 certe
953 3412 980 3450 n.
996 3398 1029 3450 A.
1052 3426 1087 3437 -
1110 3398 1133 3451 si
1149 3400 1175 3450 A

102 3465 148 3518 secl
163 3467 189 3518 Ε
207 3472 316 3518 ennena·
387 3470 451 3521 1899
468 3467 504 3519 Ar
521 3481 551 3521 os
572 3482 623 3519 om.
640 3467 674 3520 11.
751 3469 815 3519 1891
834 3466 921 3518 orbata
945 3464 1046 3519 Thebas
1069 3481 1175 3533 regnem

102 3540 128 3586 et
145 3534 272 3589 lemennm
289 3552 314 3602 p.
332 3537 358 3589 A
379 3534 507 3588 marital
542 3535 589 3588 bae
606 3540 697 3601 regnat
713 3535 830 3587 smenon
847 3550 873 3601 p.
891 3534 917 3585 lt
934 3536 1055 3585 conenit
1072 3533 1175 3586 Greco-

102 3605 161 3653 ee'ce
238 3605 302 3657 1893
318 3608 397 3671 prius
419 3604 495 3657 nimis
517 3618 567 3656 om.
585 3603 611 3654 E
687 3605 752 3657 1899
770 3606 896 3671 exceptus
908 3603 942 3655 ll.
966 3628 1000 3641 -
1023 3601 1111 3659 datum
1133 3607 1174 3655 est

102 3671 209 3724 misem
226 3671 288 3724 milri
305 3674 330 3724 A
383 3675 551 3726 1897-1819
569 3687 620 3724 ont.
635 3671 660 3722 n
721 3673 787 3725 1898
803 3675 831 3723 et
847 3670 896 3723 hoc
913 3671 963 3725 ΣΑ
980 3670 1176 3723 eomcitGre-

102 3743 197 3790 conten
214 3742 255 3803 (ut
271 3739 321 3793 ltoc
339 3741 488 3805 Gruter-ter).
504 3768 539 3779 —
555 3739 625 3806 quod
635 3741 687 3791 ΣΑ
705 3738 1002 3805 mnenitllllleimiue
1019 3737 1079 3791 odo.
1087 3753 1115 3805 p.
1123 3739 1175 3792 317

105 3809 171 3860 1899
187 3806 240 3860 vivi
257 3810 283 3859 Σ
352 3811 418 3862 1819
434 3810 536 3861 namA
553 3824 623 3860 corr.
641 3810 666 3858 Σ
737 3810 797 3865 1811
818 3807 876 3863 Arc.
895 3809 970 3860 anA
1043 3808 1110 3861 1⁸12
1125 3820 1176 3874 que

104 3890 155 3928 om.
173 3876 205 3930 11.
222 3903 256 3915 -
273 3882 364 3929 terrem
376 3877 488 3931 mbilem
504 3878 531 3928 A
584 3878 649 3929 1819
666 3875 814 3929 Alcmenam
830 3878 856 3927 A
873 3876 1010 3930 Alcmenae
1026 3876 1052 3929 ll
1068 3891 1138 3929 coer.
1151 3877 1177 3926 Σ

106 3945 171 3997 1819
187 3944 303 3998 escendo
320 3959 380 4013 rege
397 3946 541 3999 rostratoll
595 3942 657 3998 1821
678 3948 828 4009 estoces,
862 3947 926 3998 1811
944 3946 1060 4013 rognsll
1111 3945 1175 3997 1813

103 4012 171 4063 orbis
189 4013 214 4064 Ε
284 4015 351 4067 1814
368 4029 433 4080 qnae
450 4017 540 4081 gentes
558 4029 609 4066 om.
627 4011 659 4065 Ε.
677 4042 711 4051 -
729 4013 815 4065 colent
830 4014 856 4064 A
