2658 4488
585 281 612 321 t.
634 281 737 323 ANNAEl
760 281 885 323 SENECAE

286 433 334 493 ius
356 430 435 493 dedit
455 448 594 509 magnum
618 431 700 492 necis
720 442 809 512 atque
831 432 916 506 vitae,

287 517 391 598 ponite
413 515 531 576 inllatos
551 515 739 597 tumidosque
760 516 873 579 vultus:

288 600 429 683 quidquid
451 620 468 662 a
489 600 572 661 vohis
592 601 692 662 minor
714 602 887 683 expavescit,

288 687 381 749 maior
403 687 461 747 hoc
481 685 565 748 vohis
586 687 723 748 dominus
744 688 889 761 minatum

269 791 375 845 ,omne
397 771 451 832 suh
474 790 567 850 regno
590 771 723 850 graviore
745 791 870 850 regnum
893 782 945 833 est.

287 876 375 939 quem
398 857 459 917 dies
481 856 554 917 vidit
576 857 697 918 veniens
718 856 889 937 superbum,

287 945 368 1005 hunc
391 942 453 1002 dies
473 942 544 1002 vidit
566 941 684 1020 fugiens
705 941 859 1003 iacentem.

287 1046 375 1089 nemo
398 1026 526 1087 conlldat
548 1025 674 1086 nimium
695 1027 843 1100 secundis,

287 1131 375 1173 nemo
398 1112 535 1191 desperet
556 1110 679 1172 meliora
700 1111 807 1193 lapsis:

289 1199 395 1259 miscet
415 1197 488 1257 haec
508 1194 568 1257 illis
589 1196 785 1277 prohibetque
807 1197 911 1258 Clotho

288 1293 364 1344 stare
385 1281 558 1355 Fortunam,
579 1291 657 1343 rotat
678 1300 767 1343 omne
788 1283 888 1343 latum.

288 1386 374 1429 nemo
397 1377 455 1428 tam
477 1367 561 1428 divos
583 1366 685 1428 habuit
706 1369 846 1442 faventes,

287 1453 447 1515 crastinum
470 1461 503 1513 ut
524 1462 625 1533 posset
645 1451 701 1513 sihi
724 1452 873 1532 polliceriz

286 1556 334 1599 res
356 1539 429 1599 deus
450 1546 565 1598 nostras
587 1537 675 1597 celeri
698 1537 801 1599 citatas

405 1621 524 1684 turbine
545 1631 651 1682 versat.

490 1790 652 1853 nvhrrvs

287 1909 359 1982 Quis
380 1929 427 1971 me
450 1930 503 1990 per
525 1929 610 1972 auras
632 1910 720 1971 turbo
743 1908 934 1989 praecipitem
955 1911 1041 1971 vehet

201 2005 321 2075 atraque
344 1995 423 2056 nube
446 1994 580 2070 involvet,
603 2008 636 2056 ut
658 2006 771 2057 tantum
795 1996 877 2055 nelas

201 2080 306 2161 eripiat
328 2078 445 2141 oculis?
475 2100 492 2141 o
514 2081 620 2141 domus
641 2080 744 2160 Pelopi
767 2098 886 2160 quoque

201 2176 230 2226 et
252 2165 374 2227 Tantalo
397 2166 549 2245 pudcndal
595 2184 678 2225 cnon.
724 2163 800 2235 Quid
823 2174 923 2245 portas
946 2163 1036 2226 novi?

200 2269 284 2312 nvnr.
328 2249 477 2321 Quaenam
499 2251 554 2312 ista
575 2251 657 2328 regio
681 2247 749 2310 est?
779 2253 872 2328 Argos
894 2260 924 2311 et
945 2250 1059 2331 Sparte,
1082 2251 1150 2330 pios

200 2336 305 2396 sortita
326 2337 441 2408 iratres,
464 2346 493 2397 et
514 2335 603 2396 maris
625 2333 733 2413 genuini
758 2353 896 2414 premens

201 2420 300 2482 lauces
322 2420 490 2494 Corinthos,
513 2440 550 2482 an
572 2420 643 2480 loris
665 2418 764 2480 llister
786 2422 884 2498 sugam

201 2505 345 2585 praehens
367 2504 477 2579 Alanis,
499 2524 537 2567 an
560 2504 614 2566 suh
638 2514 756 2566 aeterna
780 2505 845 2564 nive

200 2589 335 2670 Hyrcana
357 2591 444 2652 tellus
466 2610 503 2652 an
527 2591 590 2668 vagi
613 2590 721 2670 passim
744 2587 892 2670 Scythae?

200 2676 267 2755 quis
288 2676 337 2737 hic
360 2677 479 2737 nefandi
502 2687 547 2736 est
570 2675 707 2735 conscius
728 2675 853 2736 monstri
877 2672 984 2736 locust

201 2780 284 2822 cnon.
328 2761 425 2822 Ellare
448 2770 478 2822 et
499 2760 577 2821 istud
599 2761 707 2840 pande,
730 2760 938 2840 quodcumque
961 2772 1014 2834 est,
1037 2760 1159 2822 malum.

199 2866 282 2907 ivvrvr.
326 2846 358 2907 si
380 2845 493 2908 steterit
513 2847 640 2918 animus,
662 2845 688 2906 si
710 2854 790 2906 metu
814 2864 922 2926 corpus
944 2845 1060 2924 rigens

199 2931 327 2993 remittet
348 2940 437 2993 artus.
482 2932 583 2992 haeret
603 2931 634 2991 iu
656 2930 739 2991 vultu
762 2930 854 2990 trucis
1238 2945 1284 2997 635

199 3016 296 3097 imago
319 3017 397 3077 lacti.
441 3016 517 3077 lerte
538 3034 585 3076 me
607 3015 728 3076 insanae
754 3015 869 3094 procul,

198 3101 261 3175 illo,
284 3100 441 3182 procellae,
463 3103 538 3164 ferte
561 3120 620 3182 quo
643 3101 736 3161 lertur
759 3101 821 3160 cies

198 3186 269 3248 hinc
290 3196 401 3266 raptus.
446 3205 530 3248 onon.
574 3186 697 3246 Animos
719 3186 835 3263 gravius
856 3185 986 3247 incertos
1008 3196 1101 3246 tenes.

199 3271 269 3351 quid
291 3271 330 3332 sit
351 3273 431 3350 quod
452 3273 557 3333 horres
579 3271 632 3330 ede
654 3281 684 3330 et
704 3280 854 3331 auctorem
876 3270 988 3333 indica:

201 3375 259 3417 uon
283 3375 393 3437 quaero
416 3356 484 3436 quis
505 3356 552 3430 sit,
575 3356 625 3415 sed
649 3368 723 3415 uter.
768 3355 856 3416 ellare
878 3357 970 3417 ocius.

198 3460 282 3502 nvrvr.
326 3441 361 3502 ln
383 3461 451 3503 arce
473 3459 586 3503 summa
608 3438 745 3520 Pelopiae
768 3459 836 3520 pars
858 3451 903 3502 est
924 3442 1030 3503 domus

199 3545 340 3588 conversa
362 3528 397 3588 ad
420 3537 545 3602 austros,
568 3524 652 3587 cuius
675 3537 835 3587 extremum
859 3525 935 3587 latus

283 3747 334 3797 610
353 3745 496 3797 extimescit
512 3747 537 3796 A
558 3772 561 3779 v
592 3750 642 3800 616
660 3746 734 3800 lassis
751 3748 776 3798 Ε
844 3750 894 3801 620
913 3745 995 3811 possit
1012 3750 1032 3807 ς
1099 3760 1217 3795 reuersae
1234 3751 1274 3798 iu·

197 3816 327 3878 scriptum
345 3812 464 3866 Nuntius.
483 3813 579 3865 Chorus
649 3818 698 3868 623
715 3816 787 3876 vehit
804 3816 829 3866 Ε
904 3818 954 3867 624
971 3812 1080 3864 involvit
1097 3814 1123 3863 Ε
1139 3812 1233 3865 volvet
1249 3816 1275 3866 A

199 3884 320 3930 correxit
337 3882 470 3931 Acontius
542 3886 591 3934 627
610 3883 701 3947 impios
718 3884 744 3933 A
817 3884 966 3936 tillebere
985 3881 1151 3932 tribuimur-A
1222 3885 1272 3935 639

198 3946 298 4060 {pelet}
317 3946 378 3998 effer
393 3951 419 3998 A
486 3952 537 4002 616
555 3950 616 4015 quid
627 3952 653 4001 Ε
718 3955 765 4003 641
786 3952 886 4018 pelopis
903 3951 929 4000 A
946 3949 1084 4017 pelopaeae
1100 3950 1127 3999 E
1146 3955 1270 4002 correxit

223 4016 311 4062 utrius
1049 4030 1054 4033 ·
