2790 4494
170 188 212 250 72
553 208 581 248 n.
604 206 710 249 eruam
731 206 858 250 smncrn

169 357 245 419 lalliz
275 365 389 437 paratas
411 357 526 438 perpeti
549 367 675 419 mortem
696 357 786 419 rides.

169 462 235 504 nnn.
282 442 396 504 Vtinam
418 443 534 505 iuberet
555 461 602 503 me
625 460 745 521 qnoque
767 443 916 523 interpres
938 444 1025 506 deum

170 527 346 608 abrumpere
368 547 440 590 ense
462 528 538 590 lucis
559 528 670 590 inrisae
694 546 792 589 moras

170 613 214 674 vel
237 613 358 674 Achillis
380 623 448 676 aute
469 612 555 675 busta
578 611 736 674 furibunda
759 631 849 674 manu

170 698 304 759 occidere
326 697 441 778 Pyrrhi,
463 699 521 759 fata
543 698 732 759 comitantem
754 706 814 772 tua,

169 782 318 863 Polyxene
341 784 515 858 miseranda,
539 801 626 863 quam
651 783 723 844 tradi
746 783 802 844 sibi

169 868 359 949 cineremque
382 868 510 930 Achilles
532 878 601 929 ante
622 868 743 929 mactari
766 886 864 944 suum,

170 971 273 1033 campo
296 954 418 1014 maritus
441 962 474 1015 ut
496 953 533 1014 sit
554 952 666 1033 Elysio,
691 952 783 1014 iubet.

169 1056 254 1098 nunu.
299 1038 369 1099 Vide
394 1046 427 1099 ut
447 1039 564 1099 animus
585 1039 693 1116 ingens
714 1038 809 1099 laetus
831 1039 957 1102 audierit
979 1058 1091 1101 necem.

171 1123 267 1183 cultus
290 1123 413 1185 decoros
436 1123 533 1202 regiae
554 1123 643 1185 vestis
668 1122 743 1201 petit

170 1216 199 1267 et
220 1207 367 1269 admoveri
390 1208 523 1269 crinibus
546 1208 656 1286 patitur
677 1226 807 1269 manum.

169 1302 295 1354 mortem
318 1292 439 1372 putabat
461 1291 543 1368 illud,
565 1293 623 1354 hnc
645 1293 787 1354 thalamos
810 1302 902 1373 putat.

169 1386 199 1439 at
220 1378 326 1440 misera
349 1378 432 1440 luctu
454 1389 547 1441 mater
570 1378 669 1439 audite
692 1386 794 1458 stupet
801 1397 810 1454 ;

169 1461 308 1524 labefacta
331 1481 416 1525 mens
439 1463 605 1525 succubuit.
650 1481 781 1542 assurge,
806 1462 895 1525 alleva

170 1548 299 1609 animum
323 1558 352 1611 et
374 1549 537 1624 cadentem,
559 1549 676 1625 misera,
701 1549 783 1608 firma
806 1547 952 1628 spiritum.

170 1652 258 1712 quam
281 1634 379 1695 tenuis
401 1634 496 1695 anima
519 1634 636 1695 vinculo
659 1632 769 1714 pendet
790 1633 846 1694 leri
868 1668 909 1678 -

169 1718 324 1779 minimum
347 1726 392 1780 est
414 1720 493 1798 quod
515 1717 666 1780 Hecubam
689 1720 785 1779 lacere
806 1717 923 1779 lelieem
945 1727 1053 1800 potest.

169 1804 270 1884 spirat,
294 1804 405 1869 revixit.
450 1805 545 1884 prima
567 1821 649 1864 mors
671 1804 794 1864 miseros
817 1802 902 1883 lugit.

504 1954 653 2019 Hucvue

237 2049 358 2119 'Adhuc
382 2057 510 2119 Achilles
532 2058 600 2118 vivit
621 2056 652 2118 in
676 2075 788 2136 poenas
810 2055 982 2137 Phrygum?

169 2142 267 2203 adhuc
289 2140 433 2204 rebellat?
478 2162 495 2202 ο
517 2160 638 2202 manum
660 2142 773 2203 Paridis
796 2143 899 2217 levem.

170 2226 246 2288 cinis
268 2226 332 2306 ipse
356 2237 491 2289 nostrum
515 2227 689 2305 sanguinem
712 2245 746 2288 ac
768 2228 900 2290 tumulus
926 2226 996 2289 sitit.

169 2311 258 2372 medo
279 2310 366 2372 turba
388 2312 457 2373 felix
479 2313 568 2373 latera
590 2311 726 2390 cingebat
747 2330 821 2387 mea,

168 2396 297 2459 lassabar
319 2397 351 2457 in
372 2404 417 2460 tot
439 2397 539 2459 escula
561 2404 591 2458 et
612 2405 726 2457 tantum
750 2414 869 2477 gregem

169 2481 298 2543 dividere
320 2492 458 2556 matrem;
488 2481 550 2543 sola
573 2499 655 2542 nunc
676 2481 749 2542 haec
771 2491 815 2542 est
837 2501 928 2563 super

169 2575 278 2642 vetum,
302 2586 410 2642 comes,
433 2568 564 2629 levamen
587 2567 720 2642 afflictae,
744 2567 829 2646 quies
837 2586 846 2643 ;

169 2652 241 2714 haec
263 2660 344 2715 totus
367 2652 504 2714 Hecubae
526 2652 613 2727 letus,
636 2653 691 2713 hac
713 2651 775 2713 sola
797 2671 886 2714 vocor
967 2670 969 2675 ·

169 2737 226 2798 lam
249 2757 320 2800 vuce
341 2747 444 2800 mater.
488 2738 560 2798 dura
583 2747 612 2798 et
634 2737 736 2798 inlelix
759 2755 812 2816 age

169 2822 284 2884 elabere
307 2824 419 2899 anima,
443 2823 572 2901 denique
595 2823 652 2882 hnc
674 2840 768 2883 unum
791 2822 864 2884 milri

169 2909 284 2969 remitte
307 2910 408 2970 lunus.
452 2909 561 2985 inrigat
582 2909 670 2968 fletus
696 2925 786 2986 genas

168 2992 322 3072 imberque
343 2993 420 3054 victu
443 2992 559 3057 subitus
582 3011 598 3053 e
621 2993 702 3054 uultu
726 2992 810 3053 cadit.

168 3096 253 3138 sunu.
297 3078 358 3140 Nus
380 3077 510 3151 Hecuba,
534 3096 599 3152 nos,
623 3096 688 3153 uns,
710 3076 841 3152 Hecuba,
864 3077 1009 3156 lugendae
1029 3097 1143 3155 sumus,

169 3181 242 3243 quas
264 3173 341 3224 mota
365 3162 466 3224 classis
488 3163 547 3223 buc
570 3170 600 3223 et
620 3165 679 3222 buc
701 3180 817 3241 sparsas
839 3163 929 3238 leret;

168 3248 246 3309 hanc
269 3266 334 3309 cara
358 3246 448 3311 tellus
468 3247 589 3308 sedibus
611 3246 713 3326 patriis
736 3255 824 3325 teget.

168 3352 233 3394 um.
278 3332 371 3412 Magis
393 3332 546 3406 invidebis,
570 3331 594 3391 si
617 3340 696 3392 tuam
720 3341 829 3394 sortem
852 3332 937 3393 scies.

168 3437 253 3480 nunu.
299 3421 343 3480 An
367 3418 463 3497 aliqua
484 3435 599 3497 poenae
620 3435 689 3496 pars
713 3436 794 3478 meae
816 3418 917 3496 ignota
940 3426 984 3480 est
1005 3416 1101 3480 mibi?

94 3540 97 3544 v
168 3523 233 3565 uec.
277 3504 396 3567 Versata
419 3503 555 3564 dominos
577 3520 651 3564 urna
675 3502 796 3582 captivis
818 3503 905 3565 dedit.

167 3608 253 3650 nunu.
299 3586 352 3652 Cui
374 3588 482 3651 famula
504 3586 624 3650 trador?
653 3589 721 3663 ede;
751 3605 839 3668 quem
861 3587 1014 3648 dominum
1037 3586 1132 3650 rocol
1198 3601 1243 3653 975

170 3726 374 3737 ———.-

253 3809 303 3859 942
322 3807 492 3874 Polyxena&
551 3809 601 3860 959
619 3807 645 3858 in
662 3810 782 3870 totum&
808 3810 834 3857 et
851 3810 933 3858 tntum
952 3807 977 3858 n*
985 3813 1005 3874 ς
1022 3813 1141 3871 οοννεωι·γ
1191 3812 1242 3863 965

167 3873 320 3993 geltgtlffidlalr
337 3944 362 3993 A
388 3877 448 3927 bet.
472 3877 642 3942 stupente.
661 3873 996 3928 emendabiliorem
1070 3880 1120 3930 972
1139 3877 1243 3944 sciesg
