2652 4486
614 240 756 284 tlttutcltlt

598 489 773 557 rutulum

232 630 273 692 46
515 633 594 710 picta
615 629 731 692 rotberdi

357 713 433 775 liueo
450 720 544 794 pluuu
565 733 638 777 coreo
661 714 755 776 cludat

357 811 466 862 terrore
488 801 577 879 [erac.

147 883 249 947 maluit
270 882 306 945 N.
323 882 462 947 Heinsius
477 885 540 947 adv.
560 903 591 964 p.
607 885 657 956 61,
680 884 759 962 qnod
782 883 883 947 nescio
907 901 944 944 au
967 881 1120 963 plerisque
1143 884 1226 945 hunc

147 968 245 1030 locum
268 967 435 1046 legentibus
450 967 481 1031 in
497 978 625 1031 mentem
640 967 747 1044 veniat,
769 987 844 1032 oouo
866 969 947 1031 ludat
970 970 1049 1044 (uam
1065 987 1141 1030 ouuo
1165 969 1226 1030 elu-

148 1055 195 1115 dot
210 1054 340 1116 Senecae
362 1053 483 1116 auribus
505 1073 566 1117 non
589 1054 657 1116 item
681 1053 858 1134 placuisset,
881 1053 918 1114 cl.
935 1052 968 1113 B.
985 1052 1168 1116 Schmidtius
1190 1054 1225 1115 de

147 1139 262 1201 emend.
285 1136 355 1200 Seu.
375 1145 448 1218 trag.
463 1158 494 1219 p.
510 1140 574 1215 ta).
620 1138 667 1200 cui
691 1138 879 1200 coniecturae
902 1138 998 1199 lavere
1021 1137 1137 1199 ridetur
1152 1138 1225 1200 Gra·

146 1223 206 1285 tius
229 1229 345 1303 (cyneg.
360 1242 387 1284 v.
404 1225 457 1299 85)
480 1235 523 1287 ost
544 1223 596 1286 uli
617 1224 707 1286 leutoc
721 1225 866 1287 interdum
883 1220 984 1303 Libyco
1001 1223 1143 1301 [uocatur
1157 1243 1226 1286 suu-

147 1309 213 1387 dyce
228 1311 336 1389 piuuoe
358 1308 497 1390 linteoque
518 1312 655 1391 expositis
677 1308 770 1371 luceut
791 1308 945 1370 ouooou‘lus
967 1326 1059 1383 como,
1082 1326 1187 1371 rorum
1201 1314 1227 1370 so·

146 1412 202 1473 pua
217 1404 308 1456 metus
330 1393 456 1456 eludet
478 1394 560 1457 deluo
580 1393 680 1474 (abac.
718 1393 769 1455 sed
784 1392 880 1455 cludat
895 1405 1004 1456 terrore
1017 1394 1098 1472 (eros
1120 1394 1225 1472 exqui-

146 1477 231 1539 sitius
254 1488 299 1541 est
321 1487 350 1540 et
378 1478 454 1541 bene
476 1479 641 1542 declaratur
663 1478 829 1541 Nemesiani
851 1478 986 1539 versibus
1009 1482 1126 1558 (cyneg.
1150 1481 1224 1555 303)

147 1562 224 1625 lineo
244 1567 314 1645 putu
336 1567 430 1635 etium,
451 1583 569 1646 muguoc
583 1566 760 1629 circumdare
775 1563 865 1625 soltus
887 1582 958 1645 poue
976 1566 1066 1644 possit
1081 1562 1224 1626 uolucres·

147 1666 198 1727 que
220 1660 296 1711 metu
326 1650 549 1712 concludere
567 1651 706 1732 praedae,
737 1650 846 1730 de'perut
876 1653 997 1711 teneros
1024 1666 1083 1709 uou
1103 1667 1166 1711 uuo
1188 1667 1224 1711 eoo

147 1732 215 1795 alite
234 1738 349 1814 pinum.
387 1754 508 1816 compote
522 1754 606 1798 ursos
620 1770 661 1781 -
676 1768 719 1780 —
734 1734 893 1814 terrificaret
908 1734 1013 1815 liulpue
1032 1742 1129 1796 uetout
1143 1744 1225 1796 trou-

147 1820 276 1881 cceudere
297 1830 435 1900 coeptum.
463 1854 496 1863 -
521 1821 556 1882 ad
580 1840 604 1881 v.
629 1823 666 1883 41
686 1838 730 1900 sq.
754 1820 793 1881 cl.·
812 1819 892 1881 Grat.
915 1819 987 1881 223.
1010 1817 1128 1879 Nemes.
1152 1820 1225 1882 324.

232 1956 273 2018 86
360 1958 441 2018 cuius
458 1974 514 2035 per
536 1975 617 2019 omroc
639 1958 707 2019 litus
728 1959 898 2019 innumerae
918 1967 995 2018 rator

360 2052 475 2103 tenuere
492 2053 616 2122 mutum

146 2125 219 2186 haec
241 2142 308 2188 cum
331 2143 452 2189 sensum
468 2125 607 2190 idoneum
631 2126 800 2207 praebeant,
824 2125 949 2189 cumeis
973 2142 1049 2205 quae
1063 2135 1224 2189 secuntur:

146 2210 282 2290 poidquid
302 2210 418 2290 Assyrio
439 2220 521 2277 tereus
543 2211 644 2275 tellure
665 2210 774 2275 Nereou
792 2215 911 2292 peruius
932 2214 1035 2273 rostris
1057 2224 1130 2275 secut
1153 2231 1226 2274 con·

147 2293 239 2357 ciliari
263 2304 425 2374 nequeunt
471 2315 538 2359 nam
561 2307 595 2360 ut
615 2296 709 2360 Nerea
731 2304 880 2359 secantem
904 2294 1110 2374 intellegamus
1128 2297 1226 2359 Asiam

146 2378 182 2440 ab
197 2381 331 2460 Aegypto
347 2380 532 2444 dirimentem
549 2382 620 2459 sire,
642 2390 677 2443 ut
690 2382 730 2444 ait
744 2380 921 2457 Gronovius,
945 2380 1072 2461 spatium
1088 2381 1125 2442 ab
1142 2382 1226 2462 Syria

146 2482 242 2544 usque
271 2466 306 2526 ad
335 2466 497 2529 contrarias
527 2474 625 2548 partes
654 2466 829 2529 dividentem
853 2467 897 2527 vel
926 2466 1153 2543 imminentem,
1183 2469 1226 2530 sic

146 2551 283 2631 quidquid
297 2552 332 2612 ad
348 2551 416 2614 letus
431 2552 506 2614 trahi
522 2553 652 2627 deberet,
668 2551 749 2633 quod
762 2551 827 2614 fieri
843 2551 947 2631 nequit
961 2560 1117 2632 postquam
1132 2553 1226 2614 inter-

147 2635 235 2697 cessit
257 2647 372 2698 teuueoe
390 2647 520 2718 pontum.
558 2646 681 2719 apparet
701 2644 798 2700 autem
814 2637 951 2699 tellurem
974 2637 1074 2716 potius
1093 2637 1226 2700 rimaris

146 2720 176 2781 in
200 2720 313 2784 insulas
334 2721 489 2785 dissectam
512 2722 649 2798 indicari3
672 2731 760 2803 atque
783 2721 880 2801 agitur
902 2722 938 2783 de
952 2721 1059 2783 Minois
1083 2722 1226 2784 thalasso·

146 2805 235 2867 cratia
250 2806 279 2867 id
295 2816 341 2869 est
355 2808 391 2868 de
406 2824 500 2887 regno
516 2808 546 2870 in
562 2809 683 2871 insulas.
722 2809 779 2870 hoc
793 2806 958 2887 significatu
974 2816 1074 2887 portus
1088 2808 1225 2869 scriben-

146 2891 216 2953 dum
239 2909 303 2953 essa
325 2893 449 2970 ccnleci,
472 2903 505 2954 ut
526 2894 639 2956 scilicet
653 2893 790 2973 sequenti
812 2891 975 2954 sententiae
997 2899 1079 2971 parte
1101 2892 1226 2956 addatur

146 2981 251 3057 portus
266 2976 430 3039 insularum
446 2994 520 3042 esse.
555 2980 607 3040 sed
622 2978 666 3039 sic
680 2996 800 3058 quoque
815 2977 885 3039 satis
907 2976 981 3039 dura
999 2984 1044 3038 est
1065 2977 1225 3040 verborum

147 3070 295 3124 structura
318 3070 347 3124 et
375 3063 497 3142 cogitari
519 3074 645 3144 possunt
667 3064 722 3125 alia
744 3070 833 3143 atque
855 3062 977 3142 aptiora.
1022 3070 1121 3142 potest
1144 3065 1225 3125 enim

147 3149 308 3294 gepatieusf
323 3147 414 3210 latere
428 3168 444 3210 a
459 3150 597 3231 quidquid
618 3149 751 3229 pendens
766 3148 811 3210 vel
825 3156 902 3209 terra
918 3146 1053 3227 Assyriae
1075 3150 1224 3210 contraria

146 3251 175 3295 tn
199 3233 273 3295 icata
308 3232 397 3295 uisse.
733 3249 745 3276 ⁸

232 3372 293 3435 315
360 3380 387 3433 et
408 3370 466 3431 dics
487 3370 569 3431 turdo
591 3371 729 3430 rcuuooit
751 3379 826 3442 ortu,

356 3456 426 3517 dum
446 3465 572 3519 tremunt
593 3472 663 3516 osec
683 3456 816 3533 praviore
838 3470 936 3515 curru.

146 3558 252 3602 currus
268 3540 353 3603 cuius
369 3558 438 3605 axes
453 3538 586 3618 graviore
600 3540 720 3619 aurigae
736 3538 868 3618 pondere
883 3546 1015 3599 tremunt
1025 3535 1128 3598 Lunae
1144 3537 1223 3600 ride·

145 3625 214 3689 licet
237 3643 345 3688 currus
366 3634 411 3686 est
439 3625 509 3689 dum
532 3643 548 3686 a
569 3624 640 3687 Sole
661 3624 789 3704 regitur;
818 3622 900 3704 atqui
923 3640 990 3683 non
1008 3621 1091 3683 illum
1114 3623 1223 3685 retinet

146 3709 283 3773 Phoebus
311 3711 381 3774 dum
411 3729 519 3774 novum
548 3709 626 3772 diem
655 3709 762 3772 educit.
813 3709 902 3770 immo
934 3707 1030 3768 donec
1058 3707 1160 3769 redeat
1186 3707 1222 3767 ab

145 3796 254 3858 amasio
269 3795 352 3857 Luna
375 3803 404 3857 et
425 3795 580 3875 proprium
603 3813 724 3858 currum
745 3793 905 3856 ascendere
926 3792 1020 3854 lrater.
1039 3794 1143 3871 possit,
1166 3792 1222 3854 iam

145 3878 263 3956 longior
279 3898 338 3941 nox
360 3880 434 3941 lacta
456 3888 501 3941 est
530 3888 559 3941 et
587 3879 637 3941 lux
659 3897 724 3941 sera
747 3879 853 3958 prodit.
893 3894 964 3956 ergo
979 3875 1016 3938 ad
1032 3876 1132 3940 Solem
1155 3894 1221 3955 ger·

146 3977 248 4023 manae
269 3963 332 4024 rice
354 3964 528 4042 fungentem
551 3964 727 4043 relegandus
750 3970 794 4026 est
816 3981 841 4023 v.
866 3964 937 4026 316.
