2658 4488
152 214 214 276 242
537 233 565 273 ι.
587 231 691 274 aunam
713 232 841 275 ssuacau

153 390 282 444 certetur
303 380 384 441 omui
407 381 517 443 scelere
540 389 570 442 et
592 381 703 443 alterna
725 381 789 443 rice

153 468 315 547 stringatur
337 466 430 539 ensis;
454 484 493 527 ne
515 466 552 527 sit
574 467 683 529 irarum
706 468 812 527 modus

154 553 295 633 pudorne,
317 560 431 612 mentes
452 569 557 614 caecus
578 551 698 631 instiget
720 552 813 623 furor,

154 636 251 699 rabies
272 644 429 717 parentum
451 636 536 698 duret
558 647 587 697 et
607 636 730 715 longum
754 637 836 697 nefas

155 722 253 784 estin
276 728 416 802 nepotes3
439 739 495 783 nec
516 729 597 783 vacet
618 723 757 802 cuiquam
779 728 864 783 vetus

156 806 253 869 odisse
276 806 403 868 crimen:
426 824 545 886 semper
566 805 677 868 oriatur
698 824 818 880 nurum,

157 911 212 954 nec
235 910 328 952 unum
349 890 380 952 iu
403 909 475 964 unc,
497 891 626 971 dumque
648 892 772 972 punitur
794 890 901 966 scelus,

156 986 277 1038 crescat.
321 975 459 1057 superbis
479 974 620 1037 iratribus
641 990 732 1054 regns
753 975 890 1038 excidant

156 1070 350 1143 repetantque
372 1061 529 1142 profugum
552 1059 640 1121 dubia
662 1060 806 1122 violentae
827 1061 933 1122 domus

156 1148 277 1209 fortuna
298 1164 383 1225 reges
404 1146 483 1206 iuter
505 1145 635 1206 incertos
656 1144 751 1207 labet:

158 1232 246 1293 miser
269 1248 304 1292 ex
326 1238 447 1311 potente
467 1230 527 1306 dat,
550 1248 586 1292 ex
607 1230 714 1292 misero
738 1238 844 1311 potens

157 1318 309 1396 ductuque
330 1333 456 1394 regnum
478 1333 563 1377 casus
585 1316 703 1377 assiduo
725 1316 809 1377 serat.

159 1402 197 1462 ob
220 1400 330 1463 scelera
353 1400 441 1481 pulsi,
464 1419 532 1462 cum
554 1400 635 1462 dabit
657 1400 782 1481 patriam
804 1400 877 1462 deus

159 1488 190 1548 in
213 1486 323 1548 scelera
345 1485 476 1558 redeant,
498 1486 617 1566 sintque
639 1495 697 1547 tam
719 1484 806 1547 inrlsi
829 1484 976 1560 omnibus,

161 1590 247 1652 quarn
269 1570 340 1643 sibi;
365 1570 438 1632 nihil
461 1571 499 1632 sit
520 1571 562 1631 ila
585 1571 665 1651 quod
686 1571 807 1632 vetitum
830 1579 928 1651 putet:

160 1658 281 1719 fratrem
303 1665 473 1737 expavescat
495 1656 586 1717 irater
608 1665 637 1717 et
659 1665 760 1717 natum
783 1673 891 1736 parens

160 1753 306 1823 natusque
328 1751 451 1822 patrem,
473 1739 558 1802 liberi
581 1749 704 1821 pereant
726 1739 811 1815 male,

161 1827 246 1909 peius
268 1834 365 1887 tamen
388 1833 564 1900 nascentum
588 1825 740 1888 immineat
762 1825 824 1886 viru

75 1968 86 1977 .
160 1912 266 1974 inlesta
289 1909 430 1982 coniunx,
451 1909 527 1972 bella
550 1920 632 1971 trans
653 1921 779 1988 pontum
802 1911 919 1983 vehant,

162 1997 273 2059 effusus
294 2013 398 2057 omues
418 1995 523 2074 irriget
543 2005 637 2058 terras
658 2014 756 2068 cruor,

162 2101 311 2162 supraque
333 2099 456 2160 magnes
478 2081 612 2159 gentium
635 2081 744 2142 exultet
766 2081 855 2141 duces

162 2167 266 2229 Libido
288 2166 405 2227 victrix:
429 2166 517 2246 impia
540 2174 676 2246 stuprum
698 2167 729 2226 in
753 2166 840 2225 domo

161 2251 340 2313 levissimum
363 2251 415 2325 sit;
439 2251 537 2312 fratris
559 2259 588 2311 et
606 2250 652 2311 las
675 2259 704 2311 et
726 2250 798 2311 fides
1048 2312 1051 2323 ¹

162 2337 269 2417 iusque
291 2354 379 2398 omne
401 2346 510 2415 pereat.
555 2353 614 2397 nou
639 2335 676 2396 sit
698 2353 713 2395 a
736 2334 839 2396 vestris
858 2333 945 2394 malis
968 2328 974 2363 ¹

164 2423 296 2483 immune
318 2420 430 2483 eaelum
453 2454 495 2465 —
518 2439 572 2481 cur
593 2419 703 2480 micant
725 2419 826 2481 stellae
848 2419 917 2499 polo

164 2508 357 2586 flammaeque
379 2515 495 2566 servant
517 2505 647 2566 debitum
671 2506 782 2566 mundo
805 2502 917 2565 decus?

165 2610 225 2653 nor
246 2592 305 2675 alia
322 2592 383 2663 flat,
405 2590 519 2651 excidat
541 2589 621 2651 caelo
643 2591 715 2651 dies.

165 2679 257 2738 misce
279 2686 411 2757 penates,
434 2676 499 2736 odia
522 2676 625 2737 caedes
648 2675 750 2736 lunera

165 2781 280 2825 arcesse
302 2770 331 2822 et
352 2758 441 2840 imple
463 2759 586 2822 Tantalo
608 2768 699 2821 tutam
721 2763 850 2820 daturum.

166 2856 288 2909 ornetur
309 2845 399 2907 altum
422 2845 560 2906 columen
583 2855 612 2906 et
633 2845 715 2906 laura
737 2847 816 2906 iores

165 2932 258 2993 laetae
279 2931 434 3003 virescant,
455 2930 563 3008 diguus
584 2931 710 2992 adventu
732 2940 783 2991 tuo

166 3016 351 3098 splendescat
373 3016 451 3095 ignis
472 3049 513 3059 —
536 3016 694 3077 Thracium
717 3016 766 3076 liat
789 3014 871 3076 celas

167 3102 277 3164 maiore
299 3118 434 3161 numero.
477 3101 576 3163 dextra
598 3119 651 3161 cur
673 3101 769 3181 patrui
792 3095 896 3161 vacat?

168 3187 301 3249 nondum
323 3185 465 3265 Thyestes
487 3184 596 3246 liberos
618 3185 706 3246 dellet
726 3203 797 3245 suus
820 3217 859 3227 —

169 3280 196 3334 et
220 3270 339 3352 quando
360 3267 465 3331 tollet?
497 3270 617 3347 ignibus
638 3270 696 3330 iam
718 3268 842 3330 subditis

168 3365 308 3439 spument
328 3374 410 3430 aena,
433 3354 564 3416 membra
586 3374 639 3435 per
660 3364 759 3435 partes
781 3363 848 3415 eant

168 3443 324 3522 discerpta,
347 3440 457 3520 patrius
479 3439 590 3521 polluat
611 3440 731 3518 sanguis
753 3440 845 3509 lucus,

169 3528 273 3610 epulae
295 3526 479 3589 instruantur
500 3554 545 3570 -·
565 3543 625 3586 uon
648 3525 716 3584 novi
739 3523 858 3584 sceleris
880 3520 933 3587 tibi

170 3612 289 3675 conviva
311 3612 420 3675 venies.
463 3610 587 3677 liberum
610 3609 744 3673 dedimus
765 3610 842 3671 diem

255 3765 288 3815 ss
306 3762 464 3828 causatur
482 3774 560 3814 enses
577 3762 605 3813 A
690 3762 723 3813 ss
739 3738 890 3825 repensque
911 3760 932 3822 ς
954 3726 959 3737 ’
1023 3757 1055 3809 es
1072 3754 1196 3819 luctuque
1216 3749 1241 3800 u

170 3829 345 3892 dlcmnisll
418 3828 596 3882 assuas*
665 3831 698 3881 49
717 3843 774 3879 cum
791 3826 929 3879 micautA
998 3827 1028 3876 sl
1048 3818 1240 3881 atraAslta3

171 3902 203 3950 53
219 3910 323 3949 acoerse
340 3897 373 3948 ld.
391 3925 425 3937 -
442 3896 520 3963 imple
537 3896 633 3951 scalere
650 3895 797 3991 Tantaleam
814 3893 919 3947 domum
935 3893 960 3944 A
1011 3895 1044 3946 56
1059 3883 1240 3997 slendcscstd

171 3968 204 4016 60
222 3968 357 4028 spumante
374 3963 455 4014 aheno
473 3963 499 4013 A
