2776 4476
515 234 659 281 uteorum
674 221 806 298 [nunnus]

247 385 307 445 illic
323 383 402 446 nulla
417 392 489 445 noto
505 382 585 446 nulla
600 385 716 451 favonio

247 476 434 549 consurgunt
448 469 569 531 tumidis
583 471 723 535 ductibus
738 492 866 554 aequora
874 493 883 550 ;

246 574 308 618 non
323 554 384 615 illic
399 554 550 632 geminum
565 555 748 636 Tyndaridae
766 577 862 638 genus

246 646 427 702 succurrunt
441 639 550 700 timidis
565 640 659 702 sidera
676 643 814 705 navibus:

245 733 301 786 stat
315 725 402 803 nigro
417 724 539 804 pelagus
554 727 671 805 gurgite
686 727 869 806 languidum,

244 816 274 872 et
289 828 356 871 cum
372 809 452 871 Mors
466 809 557 873 avidis
571 810 678 890 pallida
692 813 833 877 dentibus

247 903 349 974 gentes
363 894 535 956 innumeras
548 894 686 958 manibus
701 897 812 976 intulit,

243 998 305 1041 uno
320 987 364 1040 tot
377 978 481 1060 populi
495 981 608 1060 remige
622 988 786 1045 transeunt

328 1064 454 1126 Evincas
468 1065 580 1126 utinum
596 1065 660 1127 iura
674 1067 755 1131 ferae
769 1068 867 1147 Stygis

244 1149 460 1230 Parcarumque
476 1149 558 1211 colos
573 1168 636 1212 nnn
649 1152 837 1217 revocabiles.

242 1235 291 1296 hic
305 1235 356 1315 qui
370 1253 422 1296 rex
437 1235 558 1315 populis
571 1234 708 1315 pluribus
723 1238 857 1318 imperat,

241 1320 318 1381 bello
335 1338 402 1381 cum
417 1328 533 1399 peteres
547 1320 719 1383 Nestoream
733 1321 837 1403 Pylon,

241 1415 340 1468 tecum
354 1406 507 1468 conseruit
520 1405 677 1485 pestiferas
690 1425 797 1471 manus

240 1491 332 1553 telum
348 1491 510 1571 tergemina
526 1491 648 1571 cuspide
662 1494 849 1576 praeferens:

241 1576 343 1655 elingit
356 1576 439 1638 tenui
455 1575 577 1639 vulnere
592 1577 710 1639 saucius

241 1671 270 1724 et
282 1661 387 1723 mortis
402 1662 540 1723 dominus
555 1661 708 1741 pertimuit
725 1663 811 1724 mori.

238 1747 330 1807 fatum
346 1764 452 1827 rumpe
466 1766 566 1822 manu,
584 1746 719 1808 tristibus
733 1747 839 1810 inieris

239 1839 416 1912 prospectus
430 1839 527 1911 pateat
540 1832 617 1894 lucis
632 1839 663 1893 et
675 1832 772 1894 invius

238 1916 323 1978 limes
338 1918 387 1978 det
400 1916 500 1979 faciles
515 1917 551 1978 ad
565 1934 691 1996 superos
705 1917 773 1981 rias.

324 2001 455 2064 Immites
470 2002 568 2082 potuit
581 2001 700 2064 flectere
714 2003 852 2065 centibus
970 2036 974 2041 ·

239 2087 409 2148 umbrarum
425 2088 561 2148 dominos
576 2097 606 2148 et
621 2106 709 2166 prece
724 2088 853 2168 supplici

239 2172 387 2252 Orpheus,
403 2172 570 2253 Eurydicen
586 2173 657 2233 dum
675 2174 783 2252 repetit
796 2192 890 2235 suam.

239 2277 313 2338 quae
328 2257 415 2320 silvas
430 2266 460 2319 et
474 2276 541 2319 aves
556 2276 683 2337 saxaque
697 2266 825 2321 tranem

237 2361 296 2420 ars,
312 2360 388 2422 quae
402 2342 580 2423 praebuerat
593 2343 768 2412 fluminibus
782 2362 889 2421 mures,

238 2428 274 2490 ad
289 2429 375 2490 cuius
390 2429 522 2491 sonitum
537 2428 730 2490 constiterant
745 2429 833 2506 ieme,

236 2513 348 2574 mulcet
362 2531 423 2574 non
440 2514 535 2576 solitis
549 2513 672 2575 vocibus
689 2514 801 2575 inferus

237 2605 266 2660 et
280 2599 378 2660 surdis
392 2609 514 2661 resonat
527 2599 634 2661 clarius
649 2598 679 2661 in
695 2598 778 2661 loeis.

235 2683 345 2745 deflent
359 2683 528 2764 Eurydicen
543 2685 560 2747 't
578 2683 730 2746 Threiciae
745 2700 850 2760 nurus,

237 2768 346 2831 deflent
361 2779 390 2831 et
404 2769 533 2831 lacrimis
548 2768 681 2831 difficiles
700 2769 757 2843 dei,

236 2854 331 2932 etqui
346 2853 444 2915 fronte
459 2855 547 2917 nimis
563 2853 686 2915 crimina
702 2853 806 2917 tetrica

236 2947 384 3017 quaerunt
397 2958 432 3000 ac
446 2948 560 3002 veteres
575 2939 728 3001 excutiunt
745 2956 813 3000 reos

235 3023 339 3085 flentes
354 3024 522 3104 Eurydicen
538 3025 656 3085 iuridici
670 3024 792 3107 sedent„

234 3108 352 3170 tandem
365 3109 470 3170 mortis
484 3109 524 3170 ait
538 3108 701 3171 ‘vincimur'
719 3108 837 3185 arbiter,

236 3194 333 3254 ‘erede
348 3193 383 3255 ad
398 3212 533 3273 superos,
547 3193 613 3273 lege
626 3203 725 3256 tamen
739 3194 820 3255 data:

233 3286 266 3339 tu
280 3286 349 3358 post
363 3287 445 3359 terga
460 3279 503 3340 tui
518 3297 610 3359 perge
623 3280 679 3341 riri
693 3298 802 3355 cemes,

233 3370 266 3424 tu
282 3382 343 3425 non
359 3372 426 3426 ante
442 3372 521 3426 tuam
538 3365 654 3445 respice
667 3365 835 3444 coniugem,

234 3467 322 3529 quam
338 3466 406 3510 cum
421 3449 498 3511 clara
512 3451 585 3511 deos
599 3450 739 3512 obtulerit
752 3450 817 3511 dies

233 3533 432 3615 Spartanique
447 3535 540 3596 aderit
554 3535 640 3597 ianua
654 3530 799 3596 Taenari?

233 3619 296 3681 odit
311 3639 397 3683 verus
412 3639 495 3682 amor
509 3637 565 3681 nec
579 3621 690 3699 patitur
704 3638 816 3682 meras:

190 3771 239 3823 561
258 3774 359 3837 peteret
375 3769 432 3821 EA
450 3773 587 3839 (peterent)
604 3786 675 3822 corr.
693 3775 712 3836 ς
770 3773 820 3824 566
837 3784 954 3838 rumpere
971 3769 1005 3835 E,
1021 3771 1069 3821 ssd
1084 3786 1111 3824 re
1129 3771 1181 3826 del.

98 3838 206 3888 lm-
223 3837 303 3904 tristis
321 3843 348 3890 et
363 3838 452 3892 inieris
469 3839 494 3890 A
562 3842 610 3893 dil
629 3839 719 3907 recipit
734 3852 806 3891 suam
825 3837 848 3888 A
916 3841 965 3891 5⁸17
986 3845 1047 3906 poet
1064 3842 1114 3893 580
1130 3857 1180 3907 po-

11 3946 12 3959 ,
98 3907 171 3956 attus
187 3905 265 3958 A.-
281 3906 333 3959 Eur
352 3906 436 3961 dicem
452 3906 528 3961 ll.-
547 3906 683 3960 Tartareae
701 3921 779 3959 nurus
798 3905 944 3969 Withofiue
960 3914 1088 3974 praemet.
1103 3926 1132 3976 p.
1143 3911 1180 3963 55

11 4006 12 4009 =
99 3972 128 4026 d.
147 3970 301 4027 Eumenides
319 3923 461 4029 Tbreieiam
479 3991 570 4029 nurum
587 3974 619 4028 B.
637 3976 802 4029 Schmidtiue
820 3975 873 4028 cde.
892 3978 953 4028 crit.
969 3993 997 4043 p.
1015 3975 1049 4029 16

942 4076 975 4129 2*
