2790 4494
633 259 731 313 unum

141 426 180 489 ne
203 406 291 488 'culpa
314 415 398 469 natos
420 408 522 469 matris
543 376 677 471 insenius
702 411 806 483 trahat.

141 511 185 554 cu.
252 493 345 554 Vade:
368 494 424 554 hos
446 503 570 572 paterno
593 502 626 556 ut
648 490 929 576 genitor'excipiam
951 498 1030 562 sinu.

140 596 209 639 unu.
253 577 311 639 Per
334 596 388 657 ego
411 579 578 659 auspicatos
601 580 675 658 regii
698 580 816 642 thalami
837 591 929 659 toron,

140 681 196 742 per
217 681 286 743 spes
308 664 422 724 futuras
444 664 558 744 perque
579 661 742 742 regnorum
764 658 866 742 status,

140 747 272 810 Fortuna
292 749 370 810 varia
393 748 487 810 dubia
504 767 580 827 quos
602 751 690 827 agitat
711 752 807 823 viee·

141 851 257 912 precor,
284 833 403 895 brevem
424 833 532 919 largire
554 834 680 914 fugienti
701 854 824 910 moram,

141 918 212 979 dum
235 926 363 980 extrema
384 919 462 984 natis
483 928 577 998 mater
599 919 690 997 infigo
713 921 824 994 oscula,
857 936 866 953 1
945 996 947 999 ¹

140 1003 265 1066 fortasse
287 1001 428 1084 moriens.
494 1023 540 1064 cn.
583 1004 748 1066 Fraudibus
769 1015 888 1085 tempus
913 1009 999 1087 petis.
1169 1019 1215 1073 200

141 1106 209 1149 uno.
254 1089 335 1160 Quae
357 1089 438 1150 lraus
459 1088 557 1150 timeri
578 1099 713 1170 tempore
735 1092 842 1169 exiguo
864 1088 983 1171 potest?

141 1192 186 1234 en.
254 1173 375 1235 Nullum
397 1174 431 1235 ad
455 1175 625 1236 nocendum
646 1183 764 1256 tempus
786 1183 944 1255 angustum
970 1196 1002 1240 es
1067 1179 1129 1241 alis.
1230 1220 1233 1223 -

74 1263 84 1277 “
141 1278 210 1320 unu.
254 1258 401 1321 Parumne
423 1258 547 1327 miserae
569 1261 712 1340 temporis
733 1261 863 1331 lacrimis
885 1261 998 1343 negas?
1026 1272 1038 1289 “

142 1363 187 1405 ca.
253 1344 317 1406 Etsi
339 1345 487 1424 repugnat
508 1344 647 1425 precibus
669 1346 777 1407 infixus
802 1347 901 1421 timor,

18 1482 28 1501 ,
141 1447 221 1491 unus
242 1428 374 1509 parando
397 1428 514 1490 dabitur
535 1431 621 1491 exilio
647 1430 718 1491 dies.

140 1533 210 1575 uno.
254 1514 347 1575 Nimis
370 1521 423 1589 est,
446 1515 558 1576 recidas
581 1515 692 1594 aliquid
715 1535 751 1576 ex
772 1517 829 1577 isto
852 1517 937 1578 licet:

142 1609 170 1662 et
193 1601 256 1680 ipsa
279 1618 419 1680 propero.
476 1594 530 1660 Ι011.
576 1600 675 1679 Capita
697 1601 877 1681 supplicium
900 1602 974 1676 lues,

142 1685 253 1746 clarum
275 1686 450 1765 priusquam
472 1685 611 1747 Phoebus
632 1685 745 1748 attollat
770 1686 847 1746 diem

142 1771 201 1831 nisi
223 1770 302 1832 cedis
323 1770 444 1830 Isthmo.
489 1789 571 1832 sacra
593 1789 641 1830 me
663 1770 782 1832 thalami
802 1779 917 1846 uocant,
974 1823 979 1830 ,

69 1860 72 1865 “
141 1863 225 1940 vocat
247 1856 361 1935 precari
383 1855 476 1916 festus
498 1854 668 1935 Hymenaeo
691 1855 762 1918 dies.
962 1876 995 1929 s*
1102 1902 1104 1908 ·
1171 1867 1217 1918 300

453 1971 602 2036 cuouvs
700 1942 796 2025 sto
810 1952 904 2023 «111.
924 1918 1035 2009 :t
1081 1943 1126 1992 rs

378 2075 479 2137 Audax
500 2076 625 2138 nimium
648 2078 699 2156 qui
720 2076 794 2137 freta
815 2070 929 2157 primus
950 2100 1041 2153 gg.
1078 2130 1109 2137 ,.
1222 2118 1226 2135 «
1267 2130 1272 2141 t

297 2168 359 2222 rate
382 2169 440 2223 tam
462 2162 558 2240 fragili
580 2162 691 2241 perfida
712 2161 794 2241 rupit
1155 2164 1161 2195 ”

297 2252 451 2325 terrasque
472 2265 541 2309 suas
562 2254 632 2327 post
652 2255 734 2324 terga
757 2246 861 2308 videns

297 2331 424 2392 animam
445 2329 558 2392 levibus
580 2331 704 2393 credidit
725 2332 815 2408 auris,
902 2386 905 2390 .

299 2415 377 2476 inter
398 2416 473 2477 vitae
494 2417 658 2496 mortisque
680 2417 740 2499 vias

294 2501 419 2561 nimium
442 2501 543 2580 gracili
566 2499 788 2578 limite-ducto:

12 2598 13 2607 ’
62 2596 65 2601 ’
250 2586 323 2651 *itu
376 2585 507 2663 Cbllssldb„
525 2586 620 2648 nostri
641 2584 757 2648 saecula
779 2592 894 2666 patres‘

223 2674 226 2699 ¹
297 2656 405 2745 videre,
428 2671 659 2751 procul-fraude
680 2679 801 2732 remota.
977 2728 1008 2743 „-
1069 2716 1094 2767 Γ

299 2774 353 2817 sua
375 2756 501 2836 quisque
523 2756 609 2836 piger
629 2755 715 2817 litora
736 2763 861 2834 tangens
894 2760 930 2789 ³⁶
953 2766 973 2789 1·
992 2752 995 2775 ‘
1041 2760 1055 2779 ‘⁴

300 2841 457 2921 patrioque
479 2860 570 2904 senex
592 2842 686 2903 lactus
709 2841 739 2902 in
762 2859 841 2914 arvo,

299 2943 388 3005 parvo
403 2920 501 2999 'dives
525 2926 581 2987 nisi
604 2945 677 3007 quas
698 2924 806 2987 tulerat
1099 2998 1102 3004 ,

299 3010 395 3071 natale
417 3010 522 3086 solum,
545 3030 607 3072 non
630 3018 715 3073 norat
738 3028 826 3090 opes:
867 3080 870 3088 ¹
1173 3015 1220 3067 334
1263 3058 1266 3063 ,

300 3096 433 3157 nondum
456 3097 613 3177 quisquam
634 3097 729 3158 sidera
752 3101 846 3168 norat,
982 3166 985 3172 ¹
1174 3102 1221 3153 309

299 3180 451 3259 stellisque
474 3182 582 3261 quibus
604 3179 738 3262 pingitur
763 3179 864 3241 aether
1175 3187 1220 3238 310
1295 3253 1298 3258 ¹

300 3283 361 3326 nou
385 3274 447 3327 erat
470 3285 549 3341 usus,
572 3267 712 3328 nondum⁴
728 3264 840 3346 pluvias

145 3396 273 3479 dubioque
292 3413 382 3479 secans
400 3413 510 3480 aequora
527 3413 604 3451 cursu
1176 3406 1219 3448 aua
1242 3395 1244 3399 ’
1278 3368 1282 3377 ⁵

145 3470 230 3531 potunt
248 3470 318 3517 tenui
336 3465 415 3519 fidere
432 3468 503 3534 ligno

232 3584 281 3635 281
301 3599 351 3650 quo
370 3584 476 3652 sagittat
493 3584 518 3635 n*
603 3586 654 3637 294
671 3583 758 3635 infelix
777 3584 851 3636 timor
868 3581 894 3634 A
977 3581 1027 3634 290
1044 3579 1119 3631 nimis
1136 3581 1176 3632 est
1193 3583 1223 3631 et-

146 3665 178 3703 ex
195 3650 246 3703 hoc
264 3651 359 3718 aliquid
377 3653 494 3705 abscidas
511 3653 573 3705 lieet
591 3653 616 3703 Α
633 3656 670 3716 (et
688 3667 737 3703 om.
756 3653 785 3717 ς)
855 3652 903 3703 297
924 3654 994 3701 totus
1013 3648 1122 3700 Creonti
1138 3648 1220 3698 datur

145 3720 222 3771 A.-
249 3722 381 3786 roprraA
451 3724 500 3774 298
519 3721 641 3774 clarusA
709 3718 871 3774 3001111110
939 3720 987 3771 301
999 3715 1219 3778 adfertlliomad.

144 3804 171 3855 p.
189 3734 256 3853 eli,
278 3787 359 3840 2311.
385 3791 596 3857 (anapaesticum
618 3787 747 3841 eboricum
768 3788 892 3841 habemus
918 3786 944 3838 in
962 3785 1073 3839 Seneca:
1097 3782 1180 3835 audax
1197 3811 1220 3822 -

145 3855 259 3923 primus')
279 3856 314 3918 es.
331 3872 358 3924 p.
376 3858 435 3920 517,
452 3859 487 3911 30
556 3860 606 3911 303
624 3860 745 3924 posterga
762 3856 787 3907 Ε
862 3858 921 3909 305.
939 3857 988 3908 300
1007 3854 1220 3920 dittographiam

147 3924 258 3978 1111301.
275 3923 328 3977 302
351 3926 436 3976 delevi
536 3932 599 3994 post
620 3941 644 3980 a.
662 3927 712 3979 308
735 3924 877 3993 uiuamus
894 3926 1055 3990 reposcite.
1072 3920 1219 3974 329-334

145 3994 194 4045 311
213 3993 326 4045 nondum
343 3993 443 4061 pliadas
460 3995 485 4046 Α
571 4060 574 4065 ,
