2686 4482
264 255 267 259 '
350 249 388 290 DE
410 247 632 290 manamaur!
655 248 870 292 conrosrmonn.
1089 235 1148 297 109

345 432 387 442 -
408 417 459 459 aea
479 399 535 460 alli
551 411 680 478 praestat
700 400 785 461 aelon

282 484 404 561 fortuna
424 484 517 563 fidem.

283 568 326 628 hic
347 573 398 648 qui
418 568 492 628 clari
511 563 618 651 [laetus
638 563 724 651 vidit]

283 654 377 714 sidera
397 654 501 714 muudi
520 654 699 733 nitidumque
720 654 794 714 diem

282 738 503 810 mortarolium,
528 737 603 816 lupa
624 750 743 800 maestos

284 827 373 884 tristis
394 824 503 887 reditus
525 842 549 883 e.
567 842 596 901 q.
611 841 635 882 s.

105 925 200 967 versum
221 910 279 971 987
304 926 393 986 supra
416 913 456 986 (p.
478 910 550 984 105)
571 908 766 968 tractavimus.
800 908 856 968 iam
879 908 909 967 iu
926 907 1057 968 Phaedra
1071 926 1151 968 unus

103 991 204 1055 relictus
224 1002 268 1054 est
288 1011 314 1052 v.
337 994 376 1055 33

283 1079 399 1139 teudo-nt
423 1077 517 1138 Cretes
536 1079 629 1157 sortia
650 1082 718 1139 trito

284 1163 399 1223 vincula
420 1162 499 1223 collo.
543 1178 572 1224 ot
595 1162 754 1242 Spartanos
776 1182 803 1223 e.
817 1181 845 1240 q.
862 1180 886 1223 s.

99 1245 124 1306 in
148 1265 203 1325 quo
231 1246 305 1307 nihil
332 1247 610 1327 reprehendendum
636 1257 697 1321 est3
734 1248 791 1308 iam
813 1266 882 1308 vera
905 1249 969 1309 iure
989 1257 1151 1308 statuemus

98 1330 216 1392 librarios
245 1332 327 1392 hunc
348 1350 465 1392 vorsum
492 1332 564 1393 lalso
588 1333 776 1393 continuasse
799 1343 828 1393 et
848 1343 1066 1395 monometrum
1089 1352 1150 1393 non

96 1434 118 1474 8.
137 1417 172 1479 38
200 1416 250 1478 sed
277 1435 303 1476 8.
328 1418 367 1479 33
397 1417 585 1514 ponendum
600 1437 673 1478 8888.
717 1418 760 1478 818
788 1418 819 1478 18
845 1417 976 1479 Phaedra
1004 1436 1151 1497 nusquam

96 1500 180 1562 hiatus
200 1502 245 1562 vel
267 1501 375 1580 syllaba
398 1520 508 1582 auceps
530 1502 587 1563 uisi
610 1503 640 1563 iu
662 1504 722 1564 fine
750 1521 852 1563 versus
882 1512 973 1564 extat:
1005 1503 1151 1582 siquidem

95 1590 166 1649 814
188 1585 396 1666 interpolatum
419 1606 484 1648 esse
506 1587 605 1648 Herm
630 1587 706 1684 pr
730 1590 792 1652 426
814 1587 968 1649 docuimus
991 1596 1067 1648 etv.
1089 1588 1151 1650 3-13

97 1689 149 1732 888
169 1692 254 1733 suum
276 1672 376 1731 locum
398 1681 500 1733 tenere
522 1673 609 1733 modo
633 1672 782 1734 evicimus.

126 1839 189 1901 Oed.
203 1843 262 1905 178
285 1854 365 1902 noae
385 1841 483 1904 silenti
502 1841 686 1924 Amphionios

284 1925 409 1987 ululasse
429 1947 511 1989 canes

96 2007 166 2071 hunc
191 2010 289 2071 locum
320 2015 392 2083 (171
418 2016 475 2091 sq.)
503 2013 652 2074 turbatum
681 2032 746 2074 8888
770 2013 847 2074 inlra
869 2012 1151 2074 demonstrabimus:

99 2111 169 2155 nunc
193 2096 421 2176 disputationem
443 2098 533 2159 nimia
555 2098 633 2159 mole
658 2116 767 2176 augere
790 2097 870 2159 nalo.
914 2099 983 2159 item
1005 2098 1153 2159 Troadum

24 2240 26 2277 ι
99 2196 201 2242 carmen
223 2200 249 2241 v.
273 2184 314 2245 67
338 2201 382 2262 sq.
406 2184 542 2262 sequenti
565 2184 653 2263 capiti
676 2183 858 2262 reponimus.
901 2202 1009 2245 moneo
1037 2191 1152 2245 lautum

100 2280 122 2322 v.
142 2269 193 2329 101
216 2284 277 2345 sq:

540 2357 697 2434 sparsitque
718 2357 791 2414 ciuis

285 2437 416 2515 senardus
438 2455 499 2497 ora
543 2438 675 2538 complete
696 2457 816 2510 manus,-

286 2520 337 2583 boo
357 2539 394 2581 aa
419 2520 505 2583 Troia
526 2527 677 2602 sumpsisse
698 2523 762 2584 licet

101 2601 204 2664 ultimus
223 2614 286 2666 tres
308 2617 509 2668 monometros
532 2625 592 2667 non
616 2626 703 2668 suum
725 2609 823 2669 locum
842 2616 961 2681 tenere;
983 2608 1062 2703 quod
1078 2607 1154 2669 Haa-

102 2686 152 2747 sius
176 2689 410 2769 comprobavit
403 2710 433 2751 m
463 2691 545 2752 misc
568 2693 671 2771 philol
694 2692 734 2752 lll
763 2712 793 2772 p
818 2694 867 2754 12
912 2694 955 2754 818
985 2693 1016 2752 18
1040 2693 1153 2772 Oedipo

101 2771 311 2852 rchnquiturv
336 2776 412 2838 158:

288 2859 416 2921 bracchia
437 2873 549 2923 8888888.
593 2865 689 2922 omitia
710 2873 841 2923 nostrum

101 2941 220 3034 quinon
242 2945 342 3006 minus
364 2945 557 3024 incorruptus
579 2956 624 3006 est
646 2965 734 3024 quam
755 2953 816 3007 tres
838 2945 901 3006 eius
921 2945 1038 3022 generis
1053 2960 1155 3006 versus

101 3023 127 3084 iu
144 3027 237 3090 hledea
260 3038 409 3090 extamus:

205 3115 267 3177 342
290 3115 416 3176 claustro
433 3114 579 3194 profundi
597 3113 664 3176 bino
683 3125 766 3195 atque
787 3115 866 3177 illiue

206 3201 268 3262 372
287 3203 407 3279 peruius
428 3199 514 3260 orbis.
558 3199 647 3261 ludus
667 3201 792 3279 palidum

206 3284 268 3347 832
290 3302 405 3345 savara
426 3285 548 3346 molunt.
591 3281 663 3350 adde
686 3288 801 3346 uenenis

103 3364 195 3442 quibus
222 3367 253 3428 in
282 3368 355 3430 lacis
384 3369 521 3430 omnibus
549 3377 583 3429 ut
608 3370 639 3430 in
662 3368 810 3431 Phaedrae
833 3369 938 3449 Oedipi
961 3378 990 3431 et
1011 3370 1155 3450 Thyestae

101 3466 176 3526 quem
196 3453 328 3514 noudum
351 3453 449 3531 tetigi:

207 3539 266 3600 877
291 3540 407 3600 cardina
427 3540 560 3601 muudus.
604 3543 636 3599 ia
656 3557 708 3601 aas
727 3536 807 3602 oetas

104 3617 312 3701 nullanegotia
333 3623 495 3703 probabilis
516 3642 655 3684 verstmm
678 3624 830 3704 dispositio
853 3624 968 3686 restitui
990 3634 1104 3703 potest:
1126 3624 1155 3684 id

103 3718 136 3762 88
152 3712 256 3769 umere
277 3709 342 3769 heri
364 3709 496 3770 videatur
517 3710 589 3770 haec
610 3709 699 3770 888818
724 3708 895 3787 ambagibus
915 3708 1044 3769 tractavi.
1088 3707 1156 3784 iam,

104 3789 172 3864 quod
190 3794 297 3855 totiens
319 3794 471 3874 corruptis
483 3794 558 3855 lacis
572 3794 828 3873 deprehendimus,
853 3794 882 3854 id
897 3795 928 3856 18
943 3794 1067 3873 reliquis
1081 3813 1157 3873 quo-

103 3887 152 3949 ipre
171 3894 269 3939 amore
288 3879 399 3939 factum
422 3897 486 3940 8888
507 3896 681 3959 persuasum
703 3878 887 3941 habebimus.

175 3960 249 4023 idem
277 3963 303 4023 si
330 3963 367 4024 de
394 3964 491 4025 tribus
512 3964 740 4043 Agamemnonis
767 3965 902 4026 versibus
924 3967 986 4034 (68.
1009 3966 1060 4029 88.
1085 3967 1158 4038 104)
