2720 4488
550 230 579 272 L
603 230 707 273 ΔΝΝΑΕΙ
729 230 855 275 suuntur:

252 378 277 439 si
300 366 389 439 dorsb
411 349 499 440 libeat
522 352 691 465 cornipedis
711 382 788 469 vehi,

251 463 345 525 irenis
368 458 505 527 Castorea
526 456 683 527 1101111101
686 454 775 528 mand

105 596 110 617 .
252 548 431 629 Spartanum
454 550 565 629 poteris
586 551 706 613 tlectero
729 552 875 632 Cyllaron

127 682 138 707 Α
178 680 186 709 ι
251 642 433 715 ammentum
454 635 553 715 digitis
574 636 663 697 tende
684 636 834 716 prioribus

182 786 186 799 ‚
253 730 282 780 et
303 708 373 782 totis
380 710 523 781 iaculum
545 720 639 800 dirige
660 721 788 784 viribus:

252 815 311 867 tam
333 805 432 901 longe,
455 804 565 867 dociles
587 806 701 886 spicula
724 808 824 885 figere,

252 908 315 952 uon
335 889 453 951 mittent
474 890 614 969 gracilem
637 890 737 953 Cretes
759 892 969 955 harundinem.

251 984 302 1037 aut
324 975 349 1036 si
371 974 427 1037 tela
440 975 537 1036 -modo
560 993 700 1056 spargere
721 976 859 1038 Parthico

251 1058 282 1121 in
305 1059 418 1121 caelum
439 1059 563 1141 placeat,
586 1058 667 1123 nulld
690 1062 755 1124 sine
776 1062 846 1123 alite

252 1143 442 1220 descendent,
465 1144 565 1226 tepido
587 1146 699 1208 viscere
722 1146 841 1208 condita

250 1229 391 1310 praedam
413 1230 450 1291 de
471 1230 575 1292 mediis
598 1231 727 1293 nubibus
749 1232 882 1294 atterent.

335 1313 421 1377 Raris
441 1316 537 1377 torma
558 1316 629 1377 viris
651 1318 781 1393 (saecula
802 1317 951 1419 prospice)

251 1399 388 1481 inpunita
410 1400 475 1462 luit
518 1409 548 1463 te
569 1402 674 1463 melior
695 1403 769 1464 deus

249 1494 348 1548 tutum
371 1494 534 1566 praetereat
555 1487 708 1567 formaque
731 1486 840 1550 nobilis

250 1570 391 1633 deformis
412 1572 487 1634 senii
509 1582 656 1634 monstret
676 1562 844 1651 imaginem.

251 1724 329 1811 Quid
350 1740 428 1803 sinat
449 1741 588 1804 inausum
610 1741 738 1804 feminae
759 1758 904 1824 praeceps
928 1740 1037 1804 furor?

165 1824 291 1887 nefanda
313 1825 412 1888 iuveni
434 1826 557 1889 crimina
579 1810 845 1908 lusentiapparat.

166 1929 203 1973 en
225 1908 351 1972 scelera!
374 1912 490 1991 quaerit
512 1912 595 1975 crine
616 1913 743 1974 lacerato
765 1914 863 1989 fidem,

164 1995 255 2057 decus
278 2014 367 2058 omne
389 1995 488 2059 turbat
510 1998 623 2077 capitis,
645 2006 775 2060 umectat
798 2017 904 2078 genas:

163 2080 322 2142 instruitur
344 2082 426 2144 omni
447 2083 553 2144 fraude
574 2082 706 2148 fentinea¹
723 2083 819 2145 dolus.

249 2165 308 2227 Sed
330 2166 386 2230 iste
408 2167 545 2248 quisnam
568 2176 622 2242 est,
644 2167 761 2246 regium
782 2169 814 2230 in
837 2167 920 2230 vultu
942 2167 1036 2230 decus

163 2267 271 2329 gerens
294 2257 323 2312 et
343 2251 402 2313 alto
424 2254 533 2314 vertice
554 2252 692 2314 attollens
714 2250 824 2333 eaput?

163 2342 197 2396 ut
219 2353 270 2396 ora
292 2336 390 2399 iuveni
413 2339 494 2418 paria
515 2337 656 2399 Perithoo
679 2339 764 2416 gerit,

164 2420 196 2482 ni
217 2421 358 2500 languido
381 2423 493 2503 pallore
517 2423 679 2485 canderent
699 2440 793 2501 genae

84 2512 88 2527 ’
163 2513 313 2586 staretque
335 2517 415 2569 recta
436 2508 557 2588 squalor
578 2506 708 2581 incultus
731 2526 825 2570 coma.
839 2522 880 2555 aa*
894 2502 986 2581 eliel

163 2608 202 2653 en
223 2591 288 2673 ipse
310 2592 443 2655 Theseus
465 2593 599 2656 redditus
620 2593 708 2654 terris
730 2593 822 2655 adest.
903 2588 909 2629 ¹·

510 2745 683 2807 THESEVS

249 2845 379 2908 Tandem
401 2847 521 2927 profugi
544 2848 641 2910 noctis
663 2857 800 2910 aeternae
824 2847 939 2927 plagam

163 2939 303 3011 vastoque
325 2951 427 2994 manes
449 2951 568 2995 carcere
590 2932 776 2995 umbrantem
799 2933 912 3013 polum,

164 3025 193 3079 et
213 3018 261 3078 vix
283 3017 417 3097 cupitum
439 3018 587 3081 sufferunt
608 3017 688 3080 oculi
710 3018 797 3079 diem.

163 3104 220 3164 iam
243 3110 346 3182 quarta
368 3102 491 3165 Eleusin
514 3104 590 3166 dona
612 3103 787 3182 Triptolemi
811 3112 892 3164 secat

89 3200 102 3229 ἰ
162 3205 324 3267 paremque
346 3189 455 3251 totiens
477 3189 551 3250 libra
574 3188 742 3268 composuit
765 3187 853 3264 diem,
877 3216 895 3243 ι
906 3208 1008 3244 ι

99 3266 129 3345 ²,
163 3272 319 3353 ambiguus
341 3283 374 3335 ut
396 3292 443 3335 me
465 3275 553 3336 sortis
575 3273 694 3352 ignotae
715 3272 799 3334 labor

163 3358 289 3421 detinuit
311 3358 389 3420 inter
409 3360 516 3422 mortis
539 3366 567 3421 et
589 3358 663 3421 vitae
685 3358 771 3419 mala.

162 3462 232 3524 pars
254 3461 314 3505 una
335 3443 409 3505 vitae
430 3444 539 3506 mansit
561 3444 690 3506 extincto
712 3443 802 3504 mihi:

165 3562 366 3574 ——u—

250 3632 300 3684 810
318 3628 427 3681 nobilior
444 3628 469 3680 ld
524 3631 572 3682 811
593 3628 721 3695 cyllarum
739 3631 764 3679 A
823 3630 872 3680 stt
891 3627 947 3680 siue
964 3640 1012 3679 ave
1029 3625 1055 3679 t*
1111 3623 1341 3680 81911111-1

162 3713 203 3752 res
220 3700 246 3750 A
292 3698 364 3751 828
381 3698 498 3765 perspice
516 3696 541 3748 ld
611 3698 659 3751 823
678 3695 728 3748 del
746 3710 800 3748 sen.
818 3695 907 3749 limina
924 3697 1037 3748 trauseat
1053 3696 1079 3746 A
1131 3693 1240 3748 825111-

163 3768 240 3820 somti
257 3766 282 3818 ll
343 3767 436 3820 828111
453 3766 549 3818 scelere
565 3768 592 3817 A
652 3766 701 3818 828
720 3764 803 3816 omnio
819 3766 846 3815 A
905 3766 954 3818 829
972 3762 1135 3831 quidntmE
1187 3764 1236 3816 831

162 3836 290 3918 pirithoo
308 3836 333 3887 ld
350 3834 460 3901 pirithoi
471 3837 491 3900 ς
559 3836 609 3888 882
627 3832 737 3886 candore
753 3832 878 3900 pallerent
895 3834 922 3883 A
998 3833 1048 3885 835
1066 3847 1179 3884 scaenae
1196 3833 1239 3880 in

163 3907 235 3969 rertp
238 3910 293 3955 tem
311 3902 433 3955 Theseus.
451 3902 542 3955 Nutrix
612 3904 661 3955 831
680 3904 715 3964 et]
733 3908 763 3952 ut
780 3901 806 3952 A
882 3903 932 3955 888
951 3900 1062 3954 eleusin:
1080 3899 1106 3952 in
1125 3915 1161 3951 en·
1176 3898 1238 3952 isi.

164 3985 217 4020 roa.
216 3920 296 4021 p1m.
314 3970 341 4020 Ε
357 3969 462 4033 (eleos
455 3985 480 4021 111
499 3973 535 4034 Σ)
553 3970 646 4023 eleusis
664 3970 696 4023 A
716 3997 749 4008 -
766 3969 911 4037 treptolemi
929 3968 955 4020 Ε
