2658 4488
576 215 732 260 L.armnn1
754 213 883 257 SENECAE

462 368 525 430 Stet
527 367 728 459 quicumque
748 363 827 426 volet
823 372 955 459 potens

396 454 480 516 aulae
500 420 630 514 culmine
652 451 784 513 lubrico:

396 559 445 602 me
467 538 562 600 dulcis
583 546 695 599 saturet
717 537 816 617 quies;

398 625 526 686 obscuro
548 623 664 704 positus
684 621 751 682 loco

396 710 456 771 leni
477 708 614 790 perfruar
635 707 707 780 otio,

399 794 489 857 nullis
511 803 580 854 nota
602 791 767 862 Quiritibus

398 889 478 943 aetas
499 897 554 959 per
568 878 697 938 'tacitum
719 876 800 936 lluat.

398 967 441 1027 sic
463 980 531 1025 cum
552 961 723 1024 transierint
745 960 802 1021 mei

398 1048 481 1111 nullo
504 1067 572 1109 cum
595 1046 720 1127 strepitu
747 1045 819 1117 dies,

398 1133 533 1217 plebeius
553 1132 663 1193 moriar
685 1148 784 1192 senex.

397 1218 440 1281 illi
462 1236 544 1281 mors
565 1218 661 1297 gravis
681 1215 805 1277 incubat

400 1305 462 1385 qui,
483 1313 573 1364 notus
594 1302 684 1363 nimis
705 1301 853 1370 omnibus,

398 1390 518 1470 ignotus
538 1387 666 1448 moritur
687 1386 753 1447 sibi.

297 1483 344 1621 it
486 1538 685 1601 rnunsrns

282 1641 388 1724 Optata
411 1643 522 1725 patriae
544 1650 622 1703 tecta
646 1651 674 1701 et
697 1637 848 1717 Argolicas
870 1656 942 1720 opes

195 1727 372 1809 miserisque
394 1746 544 1790 summum
564 1745 599 1788 ac
621 1725 780 1787 maximum
804 1722 937 1786 exulibus
958 1723 1082 1797 bonum,

196 1822 323 1874 tractum
345 1812 400 1875 soli
424 1812 529 1875 natalis
550 1821 581 1874 et
601 1811 713 1892 patrios
734 1810 806 1870 deos

197 1898 234 1970 (si
257 1908 327 1959 sunt
347 1908 445 1960 tamen
469 1898 511 1975 di)
532 1915 633 1972 cerno,
656 1895 818 1975 Cyclopum
841 1910 938 1956 sacras

150 2040 152 2049 a
196 1994 305 2057 turres,
327 1983 428 2044 labore
450 1984 546 2046 mains
566 1983 697 2044 humano
720 1981 820 2051 decus,

197 2067 343 2130 celebrata
365 2069 463 2131 iuveni
485 2068 587 2141 stadia,
609 2083 664 2147 per
685 2084 761 2146 quae
782 2063 891 2125 nobilis

196 2151 323 2234 palmam
344 2164 469 2234 paterno
492 2171 553 2214 non
577 2150 668 2213 semel
690 2169 779 2211 curru
801 2148 866 2211 tuli.

197 2247 336 2300 occurret
357 2242 462 2317 Argos,
485 2237 616 2319 populus
639 2243 776 2296 occurret
797 2234 938 2313 frequens
960 2267 1002 2279 -

198 2323 248 2384 sed
271 2340 379 2406 nempe
401 2334 430 2385 et
451 2326 568 2385 Atreus.
611 2331 712 2401 repete
734 2320 883 2381 silvestres
904 2319 988 2398 fugas
1043 2352 1044 2355 κ

198 2407 349 2489 saltusque
369 2410 477 2470 densos
498 2407 598 2488 potius
621 2416 649 2466 ct
671 2405 789 2466 mixtam
812 2405 882 2465 leris

198 2493 384 2575 similemque
404 2494 509 2569 ritam3
532 2492 629 2553 clarus
650 2491 699 2552 hic
720 2490 805 2570 regni
828 2489 908 2550 nitor

198 2578 314 2658 fulgore
336 2599 397 2641 non
421 2578 566 2659 estquod
589 2575 693 2638 oculos
713 2576 789 2636 falso
811 2575 938 2635 aulerat:

199 2681 267 2724 cum
290 2664 369 2762 qpool
391 2664 477 2726 datur
497 2662 653 2751 spectabis,
676 2670 706 2721 et
727 2662 846 2721 dantem
855 2659 975 2745 aspice

198 2750 288 2810 modo
310 2748 468 2822 interula,
491 2766 566 2829 quae
588 2756 694 2828 potant
715 2746 815 2807 cuncti
837 2762 951 2825 aspera,

198 2834 283 2896 fortis
305 2835 347 2895 lui
369 2833 539 2914 laetusque;
563 2850 645 2894 nunc
667 2842 769 2893 contra
792 2831 822 2891 in
845 2842 941 2891 metus
1037 2896 1040 2900 ,

199 2919 348 2981 revolvor:
371 2919 488 2980 animus
508 2919 608 2980 haeret
630 2935 666 2978 ac
687 2924 766 2978 retro
789 2915 882 2996 cupit

200 3023 309 3086 corpus
331 3005 451 3077 referre,
473 3022 577 3065 moveo
600 3003 750 3064 nolentem
773 3001 905 3080 gradum.

489 3153 688 3216 ululatus

285 3257 374 3337 Pigro
396 3257 478 3337 (quid
501 3256 559 3317 hoc
581 3254 659 3333 esti)
682 3255 799 3334 genitor
820 3255 938 3317 incessu
960 3265 1059 3339 stupet

199 3341 373 3423 vultumque
393 3351 490 3403 versat
512 3344 603 3421 seque
624 3342 655 3401 in
679 3342 793 3402 incerto
814 3348 906 3401 tenet.

200 3448 264 3490 rar.
308 3427 395 3503 Quid,
417 3427 525 3502 anime,
547 3427 659 3507 pendes
682 3426 787 3505 quidve
810 3425 965 3489 consilium
989 3427 1038 3487 diu

200 3525 259 3576 tam
281 3513 366 3575 lacile
388 3508 534 3592 torques?
563 3510 652 3601 rebus
675 3511 888 3585 incertissimis,

288 3683 336 3733 lot
356 3679 421 3732 nulli
439 3683 459 3745 ς
526 3682 586 3733 tot.
603 3681 654 3732 402
672 3682 777 3729 inaerro
796 3678 933 3731 ordinali
986 3692 1098 3729 scaenae
1114 3678 1267 3731 inscribitur

200 3748 338 3817 Thyestes.
357 3746 489 3800 Tantalus.
506 3746 650 3800 Plisthenes
668 3746 762 3799 tacitus
780 3746 805 3797 E
828 3747 955 3816 Thyestes
973 3745 1126 3801 Philistenes
1143 3744 1266 3814 (desere)

201 3819 227 3868 A
295 3820 346 3870 406
364 3822 460 3868 tactum
479 3815 556 3866 codd.
575 3819 696 3866 correxit
707 3813 819 3866 Botulus
887 3818 938 3868 412
956 3816 1096 3880 suboempe
1114 3828 1136 3865 e.
1150 3813 1178 3864 A.
1193 3828 1264 3881 repe-

201 3883 280 3933 tetE
348 3887 397 3935 415
417 3884 498 3950 qulg
552 3885 603 3936 416
621 3899 673 3949 quo
690 3883 888 3947 ;.—tan(lem
907 3886 999 3950 asp&
1058 3881 1264 3935 termemeno

202 3950 323 4014 loquitur·
340 3956 372 4000 ut
387 3965 437 4016 per
455 3956 538 4002 totam
556 3966 681 4001 scaenam
699 3951 725 4001 A
824 3959 827 3963 ’
