2720 4488
190 260 251 322 160
572 279 599 320 n.
621 278 725 321 aunam
747 278 872 322 araucas

187 447 233 490 ru.
313 427 388 490 Mori
410 426 519 491 volenti
542 428 626 491 desse
649 447 730 490 mors
752 448 914 511 numquam
938 441 1046 511 potest.

188 533 268 576 raus.
313 513 398 584 Quod
421 514 460 574 sit
480 513 622 575 luendum
645 524 741 576 morte
763 516 901 577 delictum
924 517 1032 579 indica.

186 618 233 662 mr.
313 599 398 670 Quod
414 599 488 660 vivo.
521 611 601 661 rurs.
617 598 767 662 Lacrimae
780 618 880 662 noune
892 612 921 664 te
933 613 1051 664 nostrae
1063 601 1206 666 movent?
1219 615 1273 666 880

125 680 143 727 7²
186 704 233 746 uu.
313 684 393 745 Mors
416 684 526 763 optima
549 693 594 746 est
615 686 713 765 perire
734 686 946 749 lacrimandum
969 688 1041 749 suis.

187 789 267 831 runs.
312 769 407 830 Silere
430 770 535 849 pergit.
579 770 702 831 verbere
723 788 758 831 ac
779 771 883 833 vinclis
903 790 979 834 auus

187 855 332 935 altrixque
354 853 461 934 prodet
482 855 625 934 quidquid
648 856 720 916 haec
742 856 805 916 lari·
818 856 930 919 abnuit.

188 940 296 1003 vincite
317 940 407 1002 lerro.
452 939 605 1001 verberum
628 940 671 1000 ris
694 941 825 1002 extrahat
1002 1002 1006 1011 ,
1064 996 1077 1015 ,,

188 1033 300 1088 secreta
323 1024 440 1085 mentis.
483 1043 529 1084 nn.
576 1024 641 1107 lpse
664 1025 720 1086 iam
744 1025 837 1103 iabou
858 1024 1152 1088 manerat-*³⁰2⁶*
1218 1039 1270 1090 885

188 1130 269 1172 rurs.
313 1109 458 1181 Quidnam
482 1127 533 1170 ora
556 1117 664 1171 maesta
686 1110 792 1171 avertis
815 1119 843 1172 et
865 1112 1001 1174 lacrimas
1024 1114 1108 1192 genis

187 1196 285 1257 subito
308 1202 425 1255 coortas
446 1202 525 1255 veste
547 1202 700 1273 praetenta
723 1194 859 1275 optegisl

188 1300 234 1342 ru.
313 1279 365 1354 Te,
387 1287 426 1354 te,
450 1287 564 1341 creator
586 1280 732 1355 caelitum,
757 1289 861 1342 testem
886 1283 991 1345 invoco

188 1375 217 1428 et
238 1376 278 1442 te,
301 1382 458 1425 coruscum
481 1364 556 1431 lucis
578 1365 724 1427 aetheriae
747 1365 841 1441 iubar,
866 1384 927 1451 quor
956 1406 970 1431 s

188 1452 204 1514 i
230 1471 266 1512 ex
288 1449 373 1512 cuius
396 1459 462 1510 ortu
486 1459 587 1512 nostra
609 1451 757 1530 dependet
777 1452 898 1512 domum·
959 1466 971 1503 t

187 1544 326 1616 temptata
349 1533 489 1614 precihus
511 1535 621 1610 restiti;
645 1537 724 1605 lerro
746 1555 781 1597 ac
801 1537 890 1598 minis

188 1641 250 1685 non
273 1620 361 1682 cessit
381 1619 514 1682 animus:
538 1621 596 1681 rim
619 1629 715 1683 tamen
739 1639 849 1702 corpus
872 1621 948 1684 tulit.

188 1708 283 1769 lahem
305 1706 385 1767 hauc
404 1706 528 1785 pudoris
550 1706 630 1767 eluet
651 1715 755 1768 noster
777 1725 875 1768 cruor.

188 1812 268 1853 runs.
314 1791 396 1866 Quis,
420 1791 483 1867 ede,
507 1791 601 1852 nostri
624 1792 741 1854 decoris
764 1810 882 1854 eversor
905 1790 994 1854 tutta
1030 1817 1033 1822 ·

187 1896 233 1938 ra.
313 1877 406 1948 Quem
421 1893 488 1938 rere
502 1876 635 1939 minime.
679 1894 759 1938 runs.
803 1878 876 1949 Quis
896 1879 935 1939 sit
954 1879 1058 1940 audire
1078 1887 1193 1960 expeto.
1217 1890 1266 1941 895

188 1982 234 2023 ru.
315 1961 370 2024 llic
391 1961 469 2023 dicet
491 1962 571 2023 ensis
592 1980 681 2041 quem
704 1963 831 2024 tumultu
854 1965 976 2025 territus

32 2064 35 2073 ’
189 2047 277 2126 liquit
298 2057 450 2126 stuprator
471 2047 577 2108 civium
600 2065 756 2110 accursum
778 2049 897 2110 timens.

187 2152 267 2194 runs.
311 2133 396 2204 Quod
410 2125 543 2207 lacinus,
566 2133 624 2194 heu
640 2151 697 2209 me,
721 2126 834 2196 'cerno‘l
856 2135 936 2213 quod
951 2144 1117 2196 monstrum
1137 2134 1266 2196 intuor‘l
1350 2132 1351 2143 ’

187 2218 284 2295 regale
306 2218 403 2298 parvis
425 2235 563 2297 asperum
586 2219 680 2297 signis
701 2218 776 2280 ehur

129 2300 132 2309 ’
188 2302 293 2383 capulo
316 2302 450 2382 refulget,
475 2304 592 2382 generis
615 2304 714 2365 Actaei
737 2306 837 2365 decus.
1216 2316 1264 2367 000

188 2388 240 2449 sed
262 2388 325 2468 ipse
348 2406 476 2467 quonam
500 2386 613 2449 erasit?
656 2406 702 2449 au.
747 2389 784 2449 Hi
807 2390 956 2477 trepidum
977 2391 1046 2470 luga
1085 2428 1088 2434 -

187 2472 287 2534 ridere
308 2473 410 2534 lamuli
433 2474 582 2536 concitum
607 2473 695 2535 celeri
717 2473 802 2554 pede.
906 2527 908 2530 Α

187 2578 267 2620 runs.
311 2558 369 2619 Pro
391 2566 490 2620 sancta
512 2556 619 2633 Pietas,
642 2577 698 2639 pro
719 2558 904 2639 gubernator
924 2560 984 2638 poli

188 2652 217 2705 et
239 2645 290 2723 qui
312 2644 475 2705 secundum
497 2644 636 2706 fluctibus
659 2662 784 2722 regnum
808 2662 918 2718 moves,

132 2768 137 2783 ι
187 2729 267 2791 unde
289 2730 344 2790 ista
368 2730 447 2791 venit
469 2729 588 2808 generis
609 2729 722 2790 infandi
744 2727 833 2797 luesl
888 2732 967 2783 tou·
1017 2736 1069 2769 [ἢν

186 2815 268 2876 huuc
290 2815 375 2877 Graia
398 2815 485 2876 tellus
507 2812 579 2875 aluit
600 2833 638 2875 au
660 2815 922 2895 Taurus'Scpthes

188 2899 374 2980 Colchusque
396 2897 521 2961 Phasis?
544 2899 619 2961 redit
641 2901 677 2961 arl
699 2909 835 2962 auctores
858 2918 953 2980 genus
1016 2913 1018 2917 ·

186 2986 370 3066 stirpemque
391 2985 516 3065 primam
539 2985 667 3063 degener
689 2987 810 3065 sanguis
831 2984 941 3047 ruens
954 3012 982 3093 q,
997 2986 1013 3043 l
1026 3018 1048 3041 ψ
1061 3006 1077 3053 a
1090 2992 1117 3051 ί

188 3080 232 3131 est
253 3088 376 3150 prorsus
399 3071 454 3131 iste
476 3070 572 3151 gentis
595 3071 749 3133 armiferae
771 3072 864 3147 furor,

186 3154 283 3217 odisse
305 3155 569 3217 Veneris'loedera
591 3165 620 3217 et
642 3166 755 3217 castum
776 3157 827 3217 diu

186 3240 305 3319 vulgare
328 3240 447 3320 populis
469 3259 588 3320 corpus
634 3260 651 3301 o
674 3248 783 3307 tetrum
806 3236 930 3319 genusl·
973 3266 983 3301 r

187 3326 328 3406 nullaque
349 3326 459 3388 victum
481 3327 546 3406 lege
568 3326 699 3388 melioris
722 3326 792 3387 solil

187 3411 266 3472 lerae
287 3428 407 3490 quoque
429 3412 510 3491 ipsae
532 3409 655 3472 Veneris
677 3413 785 3489 evitant
807 3412 890 3473 netas

188 3497 365 3575 generisque
386 3497 467 3575 leges
489 3495 601 3558 inscius
624 3506 719 3558 servat
740 3498 845 3577 pudor.

272 3751 321 3802 878
339 3763 477 3816 numquam
494 3750 599 3800 morsA
652 3751 701 3803 883
719 3748 858 3815 prodestis*
911 3751 960 3802 889
978 3748 1112 3802 aethereae
1129 3749 1155 3800 A
1202 3751 1253 3801 ’899

187 3821 290 3869 conieci
307 3833 339 3869 ex
356 3818 450 3885 quibus
467 3816 595 3885 utrimque
620 3842 633 3859 ι·
648 3820 695 3870 897
715 3816 795 3883 liquid
814 3817 838 3866 Ε
897 3820 947 3869 999
967 3817 1050 3884 gentis
1067 3820 1100 3869 A.
1121 3846 1151 3856 -·
1170 3822 1253 3869 aeteae

185 3885 235 3936 ΕΑ
252 3885 360 3952 letheae,
379 3886 511 3950 attheaeg
528 3893 560 3936 ut
576 3901 599 3937 o.
616 3887 690 3951 1149)
708 3889 829 3936 correoer't
848 3884 998 3937 Groaomm
1049 3889 1100 3938 904
1117 3884 1254 3938 secuudum

185 3952 349 4070 qq9ssuotihus
367 3969 473 4022 regnum
490 3955 605 4006 teuesA
648 3957 714 4006 cor
734 3954 912 4018 Colchusveg
980 3957 1030 4007 998
1049 3953 1253 4022 strirpemquell

253 4020 430 4087 armigerae&
