2648 4478
179 181 221 247 82
599 199 637 241 na
660 198 829 242 raosmssrs.

179 346 288 429 samur,
316 357 451 431 tempore
473 348 552 430 quod
575 350 610 411 ad
634 351 761 430 captivas
783 349 854 411 illuc
880 347 1029 411 ducendas
1051 352 1258 415 necessarium

178 435 216 498 sit
243 435 415 510 interiect03
452 436 483 496 in
512 434 683 497 Phoenissis
711 434 798 496 modo
826 434 939 496 locasta
970 453 1038 496 cum
1070 436 1196 499 satellite
1227 446 1258 500 et
1307 450 1308 453 ’

178 520 327 599 Antigona
355 521 386 582 in
416 528 499 581 turre
528 526 649 581 steterat
676 520 815 600 aciesque
840 521 956 580 eminus
978 518 1256 601 adpropinquantes
1307 576 1308 599 ,

177 614 387 686 prospexeram
411 604 504 666 citatis
525 605 664 684 gradihus
686 604 815 666 decurrit
829 604 860 664 in
877 621 1028 684 campum:
1053 606 1149 667 statim
1172 625 1257 668 cam·
1307 602 1308 681 J

177 709 235 771 pus
263 691 327 770 ipse
355 696 423 752 ante
451 689 554 750 oculos
582 690 721 769 ponitur,
751 688 866 768 agmina
891 689 997 750 fratres
1019 698 1113 752 mater
1133 700 1256 753 utrum·
1307 738 1308 741 ,

90 800 91 803 ¹
177 793 237 854 que
258 775 430 855 deprecans.
467 775 525 836 iam
547 774 573 835 si
594 773 663 853 quis
685 773 842 836 contendat
863 782 898 836 ut
919 791 1043 838 scaenae
1064 774 1258 838 traderentur

176 859 237 922 has.
257 858 422 938 tragoedias
449 859 575 938 scriptas
603 877 665 920 non
695 877 776 934 esse,
804 859 843 919 ita
872 866 970 919 tamen
997 877 1046 920 cas
1072 860 1255 939 compositas

177 962 243 1006 esse
265 945 408 1005 concedet
429 951 462 1004 ut
483 944 600 1024 possint
621 944 652 1004 in
675 961 781 1004 scaena
804 943 868 1022 agi,
896 952 925 1004 ct
952 942 1043 1004 trium
1064 954 1200 1007 actorum
1223 956 1255 1008 et

176 1030 320 1109 temporis
342 1029 459 1108 locique
482 1028 597 1107 legibus
620 1027 731 1109 ubique
753 1027 923 1090 observatis.
960 1029 1059 1108 itaque
1073 1029 1150 1091 hanc
1166 1049 1253 1091 scae-

177 1132 245 1175 nam
267 1133 328 1175 non
352 1113 472 1193 scripsit
494 1113 606 1175 Seneca
629 1132 663 1174 eo
687 1113 811 1174 oonsilio
840 1120 874 1175 ut
895 1112 1016 1174 solidam
1040 1114 1109 1175 inde
1131 1123 1252 1194 tragoe-

176 1198 253 1259 diam
281 1199 391 1259 laceret
418 1215 475 1258 nec
502 1198 615 1278 populo
644 1198 834 1277 spectandam
863 1216 918 1259 nec
940 1198 1041 1259 amicis
1063 1198 1251 1274 audiendam,
1307 1226 1308 1231 ¹

175 1301 277 1344 verum
301 1289 333 1345 ut
355 1291 457 1363 aptum
481 1281 684 1344 declamationi
700 1282 849 1344 suasoriae
865 1290 1083 1362 argumentum,
1106 1283 1251 1346 locastam
1307 1304 1308 1309 ¹

176 1368 289 1430 scilicet
315 1368 391 1429 filios
419 1385 491 1428 suos
519 1367 555 1429 ah
584 1367 688 1429 ultimo
717 1366 839 1429 discidio
862 1361 1084 1443 dehortantem,
1114 1370 1250 1431 versibus

175 1460 322 1516 tractaret.
368 1460 488 1514 externa
511 1460 624 1528 autem,
652 1459 687 1513 ut
714 1453 746 1513 in
769 1451 919 1531 prioribus
940 1452 1112 1531 fragmentis
1135 1472 1171 1514 ex
1194 1455 1250 1515 So·
1307 1472 1308 1535 j

175 1538 292 1618 phocle,
315 1538 346 1597 in
369 1538 427 1598 hoo
449 1555 483 1597 er
505 1537 649 1616 Euripide
670 1537 806 1617 sumpsit.

259 1621 348 1684 simili
367 1621 492 1683 consilio
508 1622 625 1702 priores
640 1621 778 1683 Herculis
793 1620 903 1695 Oetaei,
927 1620 1022 1700 qualis
1044 1639 1126 1682 nuno
1140 1622 1250 1697 fertur,

175 1725 296 1769 scaenas
326 1706 470 1785 originem
500 1707 606 1768 dehere
635 1707 733 1768 credo.
777 1723 857 1768 mera
884 1705 1054 1768 declamatio
1077 1713 1122 1767 est
1143 1708 1249 1768 conlo·

133 1847 138 1857 ,
175 1794 278 1872 quium
300 1793 377 1854 inter
392 1790 559 1852 Deianiram
582 1799 610 1852 et
632 1791 789 1866 nutricem,
812 1791 883 1852 item
900 1790 1036 1852 Herculis
1059 1808 1174 1864 sermo;
1198 1792 1248 1854 ad·

129 1918 132 1923 >
174 1877 243 1938 iecit
265 1876 458 1938 Oechalidum
481 1883 511 1937 et
531 1875 607 1937 Ioles
629 1876 756 1938 lamenta
778 1874 877 1955 lyricis
899 1875 1032 1937 numeris
1053 1883 1186 1937 tractata.
1219 1885 1248 1938 et

173 1960 234 2023 illio
256 1960 361 2021 divorsi
384 1959 626 2022 sartacionum
648 1960 706 2022 loci
729 1969 758 2022 et
780 1961 811 2021 in
834 1960 993 2021 indicando
1015 1960 1083 2021 loco
1098 1979 1152 2040 per
1172 1962 1248 2022 ller-

174 2045 249 2107 culis
271 2063 438 2107 sermonem
461 2045 565 2106 similis
587 2045 784 2125 neglegentia.
815 2046 928 2107 Seneca
949 2045 1040 2123 igitur
1059 2064 1097 2107 ne
1111 2046 1164 2108 has
1180 2046 1249 2126 qui·

174 2131 239 2192 dem
262 2149 383 2192 scaenas
405 2130 440 2190 ad
463 2128 677 2209 perficiendum
699 2129 863 2190 destinarit.
901 2130 951 2203 sed
975 2129 1119 2191 successit
1139 2132 1188 2192 oui
1211 2132 1246 2192 ad

173 2215 326 2294 ingenium
356 2214 554 2276 exercendum
583 2215 700 2276 eaedem
728 2215 900 2276 viderentur
931 2214 1092 2294 appositae.
1143 2225 1246 2277 contra
1307 2234 1308 2277 3

173 2318 296 2362 scaenae
315 2294 543 2360 Phoenissamm
566 2299 687 2360 nomine
710 2300 886 2361 coniunctae
902 2318 969 2360 cum
985 2300 1053 2379 plus
1068 2298 1246 2363 difficultatis
1307 2348 1308 2383 .

173 2384 372 2445 continuatori
394 2383 584 2462 praeberent,
607 2385 739 2462 integrae
761 2386 882 2446 relictae
904 2392 974 2445 sunt
997 2385 1146 2465 uniusque
1167 2384 1245 2447 tituli
1307 2396 1308 2461 ξ

172 2469 319 2550 praesidio
341 2468 482 2530 munitae.

608 2603 812 2613 —.---—-——

256 2720 312 2782 llio
333 2721 494 2783 subsistere
515 2739 634 2801 possem
657 2720 714 2782 nisi
737 2720 892 2783 difficultas
913 2722 945 2783 in
965 2721 1054 2784 altera
1076 2742 1183 2786 scaena
1198 2743 1245 2786 re·
1307 2764 1308 2769 κ

170 2806 238 2869 licta
261 2815 340 2868 esset
362 2825 438 2887 quae
461 2824 517 2869 nec
538 2806 752 2887 praetereunda
774 2805 923 2868 videretur
943 2815 973 2868 et
986 2808 1119 2887 paullum
1134 2809 1246 2870 maiore

75 2925 81 2932 ·
171 2892 379 2972 disputationis
401 2891 512 2954 ambitu
535 2891 694 2953 tractanda.
725 2909 842 2971 nempe,
866 2891 945 2970 quod
960 2893 991 2954 in
1008 2893 1108 2972 priore
1124 2912 1245 2974 quoque

171 2976 326 3051 acciderat,
348 2976 429 3038 valde
451 2977 482 3037 in
504 2977 560 3037 hac
575 2975 786 3038 declamatione
801 2976 942 3038 diiierunt
955 2976 983 3037 E
996 2977 1063 3038 etA
1082 2978 1113 3039 in
1129 2979 1244 3041 scaenis
1307 3036 1308 3041 ,

171 3061 366 3122 discribendis
389 3071 418 3122 et
439 3060 635 3122 inscribendis
657 3059 854 3140 personisque
879 3060 1026 3123 notandis.
1070 3064 1101 3124 in
1123 3063 1147 3123 Α
1169 3063 1244 3125 haec

137 3140 141 3145 ’
170 3163 275 3207 scaena
304 3164 371 3207 cum
395 3144 557 3225 Oedipodis
585 3145 616 3206 in
644 3145 722 3207 filios
749 3144 961 3225 imprecatione
991 3147 1128 3209 cohaeret
1150 3146 1243 3227 (quod
1307 3150 1308 3155 ’

169 3230 250 3293 Italis
265 3231 440 3310 quibusdam
456 3229 617 3311 displicuit,
631 3229 682 3309 qui
696 3248 801 3291 novam
815 3228 1009 3316 incohaverer
1022 3231 1054 3292 N
1067 3252 1125 3295 sec.
1141 3251 1242 3307 manu,

168 3315 366 3395 Rehdigeran.
391 3318 459 3392 11l3
488 3336 503 3376 a
526 3335 551 3376 v.
575 3317 637 3378 403
661 3333 734 3376 nora
757 3333 862 3377 scaena
884 3315 989 3396 incipit
1010 3316 1153 3398 inscripta
1174 3317 1243 3379 Ant.

168 3400 225 3464 loc.
249 3401 342 3464 Nunt.
366 3401 408 3478 (id
430 3419 549 3482 quoqne
570 3408 716 3462 mutatum
738 3399 770 3461 in
795 3400 987 3481 quibusdam:
1018 3400 1088 3462 MN
1108 3437 1150 3447 —
1172 3402 1192 3462 i.
1217 3421 1242 3462 e.
1307 3464 1308 3467 ,

168 3487 304 3549 Melisseo
321 3520 362 3532 —
377 3486 500 3565 Rehdig.
520 3488 555 3548 11
582 3485 716 3547 Gothano
733 3485 823 3563 256„
846 3486 916 3547 item
938 3505 1014 3547 nora
1035 3506 1051 3547 a
1072 3507 1098 3548 v.
1115 3490 1177 3551 443
1195 3485 1242 3548 eui
1307 3506 1308 3569 q

168 3573 200 3633 in
230 3572 368 3634 omnihus
395 3570 571 3634 inscribitur
591 3570 647 3634 Ioc.
671 3570 734 3632 Pol.
757 3570 868 3655 omisso
897 3571 1027 3633 Eteocle.
1072 3572 1104 3633 in
1126 3572 1153 3632 E
1172 3589 1240 3633 vero
1307 3576 1308 3653 ᾗ

169 3659 338 3728 ase—664
357 3677 417 3720 una
431 3676 537 3719 scaena
552 3663 597 3719 est
614 3653 758 3737 inscripta
771 3654 828 3718 loc.
844 3654 906 3718 Sat.
922 3656 984 3718 Pol.
1000 3656 1120 3719 Eteoclz
1143 3656 1241 3718 addito
1307 3680 1308 3731 j

168 3742 289 3805 Eteocle
317 3744 425 3806 omissa
454 3743 600 3822 Antigona
628 3749 740 3804 mutato
771 3741 876 3802 nuntio
905 3743 937 3803 in
969 3741 1133 3803 satellitem.
1177 3742 1240 3804 eius
1307 3750 1308 3801 l

169 3828 287 3906 generis
315 3827 530 3908 discrepantiae
562 3827 608 3889 his
637 3827 667 3890 in
698 3826 856 3905 tragoediis
883 3844 1097 3906 saepenumero
1126 3825 1240 3887 inveni·
1307 3876 1308 3881 ,

168 3920 277 3989 untur,
307 3923 340 3973 ut
367 3912 403 3974 de
430 3912 557 3991 singulis
582 3912 726 3974 iudicium
750 3912 820 3973 ferri
844 3921 971 3991 nequeat
992 3919 1150 3991 antequam
1172 3909 1240 3973 uni·
1307 3924 1308 3979 t
