2652 4486
566 239 684 281 ocravm
748 297 752 303 ν
1100 227 1159 292 341

84 389 141 453 sed
163 406 240 468 quae
254 395 421 470 suspectam
436 389 560 453 reddant
581 390 691 453 librerii
715 390 802 453 ddem
825 392 874 469 (ot.
891 411 915 454 v.
933 395 983 459 36.
999 396 1071 459 249.
1088 398 1161 461 331.

86 494 175 570 376),
204 491 366 572 scripturee
395 492 469 567 eius,
496 500 531 553 ut
551 493 701 575 genuinae
723 493 895 569 habeantur,
924 495 1022 558 fulciri
1045 505 1163 578 oportet

85 593 274 674 reliquorum
296 594 386 657 unius
408 594 564 657 alteriusve
586 595 766 657 testimonio.
811 596 868 658 boc
889 596 979 677 igitur
1001 598 1031 660 in
1058 618 1163 661 recen·

87 697 182 761 sende
203 696 301 761 tabule
322 697 514 759 fundamento
532 697 669 761 nitemur.
713 707 777 760 tum
800 717 1003 780 quaecumque
1018 701 1049 763 in
1064 703 1094 763 Σ
1111 701 1163 763 de·

88 810 207 881 prevete
229 812 259 863 et
280 798 385 862 obruta
407 808 487 875 sunt,
512 804 543 862 dt
558 799 601 862 vel
621 798 644 860 L
666 800 873 882 suppeditabit.
910 803 990 882 quod
1012 803 1037 865 ei
1060 812 1164 867 contre

89 900 176 964 sot
198 903 229 963 in
252 904 290 964 Π
309 902 354 963 vel
377 902 502 981 singulis
523 901 606 964 libris
629 910 747 982 preeter
767 922 872 965 novem
898 905 970 967 istos
994 906 1038 984 (ς)
1061 923 1163 967 rerum

89 1005 216 1079 extabit,
241 1003 270 1065 id
292 1005 395 1086 utique
416 1004 554 1066 ltalorum
577 1004 757 1067 coniecturis
779 1005 879 1067 deberi
901 1005 1105 1070 iudicabimus.

178 1107 240 1169 lieo
267 1107 381 1169 ratione
410 1107 434 1168 si
464 1105 590 1168 tabulam
613 1106 850 1185 recensebimus,
872 1107 1031 1171 lectionem
1053 1109 1164 1171 consti·

91 1219 211 1273 tuemus
232 1208 366 1271 traditam
388 1208 517 1289 quidem,
541 1209 591 1271 sed
614 1210 797 1290 perantiqui
819 1210 1038 1292 interpolatoris
1059 1230 1165 1275 merrus

91 1313 236 1375 traditam.
279 1311 314 1374 ed
337 1311 628 1395 cuiustemptamine
643 1311 827 1391 coarguenda
849 1314 989 1392 quoniam
1010 1314 1060 1376 bic
1075 1313 1165 1376 desti·

92 1415 205 1477 tuimur
226 1413 343 1477 Etrusci
373 1413 483 1476 codicis
511 1434 568 1495 ope
598 1424 628 1477 et
655 1413 842 1489 auctoritate,
871 1413 1041 1478 difficillime
1070 1423 1166 1477 estet

91 1517 258 1599 periculose
281 1517 369 1579 buius
390 1515 505 1578 tabulae
526 1516 700 1579 emendetio.
825 1506 829 1512 ’

179 1621 213 1682 ln
228 1621 416 1683 ednotetione
431 1638 469 1681 ne
486 1618 556 1699 quid
572 1618 731 1680 obscurum
747 1620 794 1697 sit,
814 1621 888 1682 heec
902 1619 1048 1682 monenda
1063 1619 1165 1680 viden-

96 1732 153 1785 tur.
191 1722 385 1784 codicis’note
400 1721 487 1783 uncis
502 1721 625 1796 inclusa,
649 1740 674 1782 e.
691 1739 719 1801 g.
735 1720 802 1799 (M),
825 1722 970 1802 significet
990 1740 1027 1783 ex
1047 1720 1165 1782 silentio

94 1844 159 1887 meo
182 1824 379 1904 descriptura
402 1824 593 1886 iudicandum
615 1823 723 1900 luisse3
746 1824 796 1885 ubi
821 1832 933 1886 tentum
956 1822 1039 1904 prior
1053 1822 1098 1885 vel
1120 1841 1167 1884 se·

95 1926 190 1989 cunda
201 1946 306 1989 manus
321 1928 365 1989 sic
379 1926 542 1989 indicetur:
560 1926 608 1987 M1
623 1926 812 1999 meetseren
824 1945 891 1988 cum
907 1932 1025 2006 recepta
1039 1924 1166 1986 lectione

96 2030 265 2094 consentire
280 2029 475 2110 intellegitur;
491 2028 671 2109 discrepanti
686 2028 850 2110 scripturae
865 2027 994 2091 additum
1009 2028 1086 2107 vulp.
1102 2047 1130 2088 v.
1146 2025 1166 2086 l.

95 2134 243 2213 vulgarem
260 2150 315 2212 pro
331 2133 407 2194 veria
431 2133 558 2194 lectione
574 2131 713 2194 adiectam
731 2150 795 2193 esse
810 2131 947 2194 declaret.
970 2166 1012 2176 -
1033 2127 1167 2191 Bueche-

96 2236 150 2298 leri
172 2234 391 2298 emendationes
414 2218 572 2316 pleraeque
600 2233 631 2295 in
657 2233 733 2295 blus.
756 2233 851 2298 libem
874 2233 930 2295 vol.
953 2251 1029 2294 xxvu
1051 2250 1080 2312 p.
1104 2231 1167 2293 474

95 2338 189 2401 editae
211 2346 290 2400 sunt.

179 2440 289 2502 Novem
312 2440 446 2502 codicum
470 2439 626 2501 lectionem
654 2438 693 2500 ita
719 2440 846 2500 enotebo
868 2447 902 2501 ut
923 2435 1046 2502 ΣΦΠΙ
1064 2432 1167 2495 autin

93 2542 282 2604 adnotatione
303 2550 354 2604 aut
374 2543 405 2604 in
421 2549 525 2621 poetae
540 2540 636 2602 verbis
651 2547 849 2620 compareant,
873 2539 1045 2600 omittentur
1059 2545 1093 2596 ut
1116 2552 1170 2614 per

94 2652 142 2706 eet
162 2644 300 2724 propriae
322 2644 465 2707 librorum
489 2662 550 2705 non
572 2642 802 2723 praecipuorum
824 2638 1019 2718 cormptelae.
