2686 4482
170 231 230 292 120
507 246 545 288 uu
568 247 696 289 cananeas
717 244 903 289 ronrusrms.

168 417 204 462 ex
232 396 334 459 metris
356 397 477 458 Horatio
507 397 621 458 usitatis
643 397 780 470 derivati,
810 405 843 458 ut
864 414 966 457 versus
988 405 1039 459 aut
1060 398 1169 476 integri
1192 410 1247 460 aut
1337 390 1338 403 ¹

168 482 310 544 dimidiati
337 493 388 543 ant
417 482 541 543 inversis
569 482 642 542 colis
670 489 830 561 ponantur.
881 482 961 542 unde
990 482 1047 543 hoc
1075 500 1130 561 pro
1159 492 1245 544 ccmo

168 568 407 629 concludendum
435 566 506 629 mihi
534 567 666 641 videtur,
695 567 746 627 ubi
775 585 878 628 versus
907 567 1041 647 sapphici
1068 566 1246 646 asclepiadei
1337 580 1338 603 ³

167 652 267 714 alcaici
298 653 432 732 glyconei
455 652 523 732 puri
545 660 595 713 aut
617 672 634 713 e
656 651 786 712 Senecae
812 652 1028 712 consuetudine
1049 652 1166 713 formati
1187 669 1245 730 ap·

167 745 287 819 parent,
318 756 368 799 eos
396 746 522 816 aposta
552 744 584 796 ut
612 754 715 799 vorsus
743 736 876 815 integros
906 737 1020 815 positos
1047 755 1128 808 esse,
1156 743 1187 797 et
1216 735 1249 797 si·

168 822 288 902 quando
317 822 457 902 discerpti
475 823 516 888 ,io
541 821 668 883 Etrusco
696 821 851 900 legantur,
881 821 974 883 errori
996 822 1025 883 id
1047 821 1244 882 tribuendum

168 927 242 969 esse.
287 915 368 968 recte
395 908 474 967 enirn
496 906 653 968 Richterus
682 906 850 980 contendit,
880 907 941 967 sive
971 907 1184 969 continuentur
1208 906 1243 966 bi

167 1000 271 1053 versus
285 993 345 1053 sire
361 993 626 1070 interrumpentur,
642 991 764 1052 auribus
779 990 903 1071 perinde
917 1009 992 1065 esse,
1004 992 1116 1070 quippe
1130 990 1244 1069 quibus

168 1087 201 1139 ut
223 1078 332 1156 integri
355 1077 458 1155 utique
479 1076 692 1155 percipiantur.
725 1076 827 1138 metris
850 1076 1041 1155 numerisque
1063 1075 1155 1154 magis
1169 1076 1244 1137 arti-

168 1162 279 1224 ficiosis
301 1172 331 1223 et
350 1162 380 1222 in
396 1162 491 1241 ipsius
505 1161 664 1240 tragoediis
678 1174 830 1241 praeterea
846 1180 907 1222 non
923 1162 1073 1240 usurpatis
1089 1160 1243 1222 abstinuit

167 1248 317 1308 interdurn
347 1246 452 1307 diversi
481 1246 598 1323 generis
627 1245 778 1307 versiculis
807 1247 886 1308 iuxta
909 1246 1055 1326 ponendis
1077 1245 1245 1309 inconexos

169 1332 275 1405 effecit,
297 1331 348 1393 sed
370 1330 546 1411 plerumque
569 1333 608 1392 ita
630 1340 663 1391 nt
682 1332 840 1394 deciorum
856 1331 1043 1409 logaoedioos
1059 1329 1244 1403 imitaretur;

171 1417 206 1477 de
228 1416 336 1496 quihus
360 1415 501 1479 iudicium
524 1436 579 1477 suo
599 1417 665 1476 loeo
683 1418 742 1477 det.
771 1417 829 1478 iam
844 1416 978 1494 singulos
992 1434 1095 1477 versus
1110 1414 1243 1476 excutia-

169 1499 252 1575 mus,
268 1501 401 1581 singulos
423 1501 537 1562 scilieet
557 1508 591 1561 ut
612 1501 642 1562 in
665 1501 793 1562 Etrusco
819 1496 1031 1562 discribentur.

201 1603 273 1664 Oed.
291 1605 352 1666 404
375 1602 501 1664 lucidum
522 1603 593 1664 coeli
614 1604 696 1664 meos
716 1602 770 1665 hoe
792 1604 858 1664 ader
878 1608 953 1663 cotis

372 1707 443 1767 quoe
466 1687 519 1750 tili
537 1687 646 1748 nobiles

377 1771 483 1834 Thebae
504 1771 608 1834 Bocche
629 1785 697 1834 tuce

368 1857 475 1937 palmis
497 1857 671 1936 supplicibus
693 1858 803 1935 suunt.

169 1957 266 2018 statim
284 1958 314 2018 in
331 1957 415 2018 initio
433 1957 645 2038 expediendum
662 1967 706 2017 est
722 1956 802 2036 quod
818 1975 920 2036 graves
935 1957 1064 2036 cuipiam
1082 1957 1244 2037 scrupulos

170 2060 288 2103 movere
317 2043 420 2121 possit.
467 2042 606 2103 nimirum
630 2042 764 2121 quisquis
787 2042 823 2103 ad
845 2042 919 2104 haec
941 2042 1069 2103 carmina
1091 2043 1245 2103 tractanda

168 2127 288 2188 accedet
310 2137 377 2188 ante
400 2129 498 2188 omnia
521 2127 649 2206 inquiret
672 2146 708 2187 an
731 2127 861 2205 strophis
885 2127 1063 2189 Graecorum
1085 2127 1144 2187 ritn
1163 2128 1244 2188 inter
1337 2140 1338 2199 ξ

169 2231 201 2273 se
222 2211 474 2291 respondentibus
496 2212 632 2273 liberiora
655 2221 748 2273 metra
771 2216 857 2291 poeta
877 2211 1040 2273 incluserit.
1078 2212 1126 2273 cni
1142 2211 1243 2292 suspi·
1337 2210 1338 2283 ξ

169 2295 249 2357 cioni
280 2305 309 2357 et
336 2296 425 2359 huius
454 2297 593 2358 carminis
621 2297 773 2357 exordium
803 2307 833 2358 et
858 2298 1087 2376 Agamemnonis
1116 2297 1243 2358 alterurn
1337 2356 1338 2367 ,

169 2380 266 2461 primo
289 2382 393 2444 obtutu
416 2382 512 2443 farere
534 2382 679 2444 videntur.
719 2392 807 2460 atque
831 2380 902 2443 Oed.
922 2384 984 2444 404
1007 2380 1132 2442 similem
1154 2382 1245 2442 habet
1296 2394 1300 2399 ’
1337 2388 1338 2467 j

168 2484 286 2527 versum
315 2467 509 2539 inconexum,
539 2467 662 2528 dimetro
692 2466 811 2527 scilicet·
833 2467 983 2527 trochaico
1012 2466 1183 2529 catalectico
1215 2474 1245 2527 et
1337 2470 1338 2539 ξ

169 2551 270 2630 priore
292 2551 425 2631 sapphici
448 2562 531 2631 parte
554 2559 738 2613 constantem
760 2569 786 2611 v.
809 2553 872 2614 412
1337 2562 1338 2583 ¹

372 2647 398 2698 te
420 2638 493 2699 decet
514 2642 591 2716 cingi
611 2654 721 2698 conum
742 2637 864 2715 floridam
886 2641 992 2698 vernis.

169 2737 240 2799 hinc
262 2756 330 2798 vero
354 2756 428 2817 quae
452 2747 597 2801 secuntur
618 2747 647 2800 et
669 2737 757 2816 plane
780 2738 892 2798 diversa
918 2746 989 2799 sunt
1013 2757 1030 2799 a
1052 2758 1078 2798 v.
1101 2741 1164 2801 405
1187 2756 1246 2818 sq,
1337 2788 1338 2801 ,

170 2841 238 2883 enm
261 2823 296 2884 de
319 2824 501 2902 gravioribus
524 2822 702 2902 corruptelis
726 2820 808 2884 nullo
831 2823 918 2884 modo
938 2823 1126 2903 cogitandum
1142 2823 1191 2896 sit,
1218 2831 1248 2884 et
1337 2852 1338 2911 3

170 2907 278 2988 syllaba
300 2927 409 2988 anceps
432 2909 553 2988 quaein
569 2909 666 2970 medio
681 2927 707 2967 v.
726 2911 788 2970 404
804 2907 956 2969 statuenda
971 2907 1072 2983 fuerit,
1096 2926 1246 2986 nusquam
1337 2914 1338 2931 ¹

170 3002 321 3072 praeterea
343 3004 474 3073 apparet.
519 2993 611 3068 magis
633 2991 747 3053 adridet
769 2995 823 3071 dg.
847 2995 909 3056 611

375 3080 501 3140 vidimus
518 3082 647 3156 pctricm
668 3087 799 3139 ruentem
820 3089 900 3139 noete
920 3078 1039 3155 [comta

169 3180 218 3238 cui
240 3178 418 3258 respondeat
440 3197 466 3239 v.
490 3179 552 3240 626

372 3263 498 3325 uidimus
518 3263 655 3327 double
677 3265 753 3326 dono
773 3263 857 3325 molis
879 3267 1043 3334 immensae,

169 3382 272 3425 versus
301 3373 471 3426 constantes
499 3363 604 3427 ordine
631 3365 817 3444 logaoedioo,
856 3364 996 3425 nimirum
1024 3363 1166 3443 sappbico
1190 3364 1246 3427 eui
1337 3338 1338 3421 1

170 3450 307 3529 demptus
334 3449 374 3511 sit
402 3450 434 3512 in
463 3450 557 3529 prima
582 3458 666 3528 parte
687 3450 839 3529 spondeus
862 3457 891 3510 et
910 3449 1012 3528 priore
1032 3448 1168 3528 sapphici
1189 3449 1246 3509 ho·
1337 3472 1338 3501 1

170 3534 327 3596 mistichio.
372 3543 516 3596 secuntur
543 3544 639 3597 autem
663 3535 841 3614 utrobique,
871 3535 897 3595 si
918 3553 1022 3596 sersus
1041 3536 1106 3597 612
1129 3542 1159 3595 et
1180 3535 1244 3597 627

168 3627 351 3699 praetereas,
375 3620 491 3681 numeri
514 3618 617 3681 saltem
636 3619 790 3700 sapphici,
813 3627 846 3680 ut
866 3619 892 3680 si
913 3620 1046 3698 grarima
1068 3619 1168 3680 ulcera
1191 3618 1246 3679 has
1337 3634 1338 3675 i

168 3704 309 3785 periodos
336 3706 460 3767 traxisse
488 3713 599 3768 statuas
626 3705 664 3768 de
691 3705 893 3785 recuperanda
923 3703 1088 3784 eurythmia
1113 3703 1245 3783 cogitare
1337 3762 1338 3789 ,

170 3807 271 3868 queas.
314 3790 367 3851 sed
395 3791 468 3852 baec
496 3791 610 3855 fallacia
638 3800 709 3852 sunt
733 3799 764 3851 et
784 3809 801 3850 a
822 3789 909 3851 nobis
931 3789 1045 3868 prolata
1067 3795 1182 3851 tanturn
1205 3808 1245 3849 ne
1337 3796 1338 3815 ¹

168 3872 241 3933 alins
270 3891 390 3953 quoque
419 3876 550 3937 simiam.
594 3875 672 3939 nibil
695 3874 775 3937 enim
803 3875 968 3937 sententiae
996 3873 1106 3935 habeut
1127 3874 1159 3935 in
1183 3890 1243 3951 quo
1337 3874 1338 3901 ¹

169 3957 235 4017 inre
258 3957 390 4018 offendas
410 3976 468 4021 neo
488 3978 521 4021 re
539 3977 606 4023 vera
624 3960 759 4041 sapphici
774 3966 846 4023 sunt
859 3976 963 4021 versus
980 3961 1042 4021 614
1057 3976 1103 4040 sq.
1133 3957 1244 4021 similes
