2686 4482
449 294 487 336 nn
509 293 724 338 numeramus
747 294 875 339 carneis.
1138 281 1196 343 161

121 446 308 525 displiceret,
337 454 512 524 argumento
535 445 566 507 in
589 446 648 506 duo
670 445 798 508 dissecto
820 446 983 508 remedium
1009 466 1045 508 eo
1067 448 1200 512 adhibuit

121 542 158 591 ut
179 530 324 591 lunonem
347 530 529 610 praesentem
551 530 716 604 induceret,
738 529 842 592 Furias
864 530 1050 607 excitantem,
1072 534 1200 596 detristi

123 616 169 676 rei
191 626 298 677 eventu
320 615 426 676 incerti
449 614 523 676 nibil
543 614 771 695 relinquentem.
808 615 847 676 ita
862 616 1120 679 concitatissimum
1139 621 1199 683 124

121 718 263 762 versuum
286 699 527 761 declamationem
549 699 680 761 lucratus
702 702 792 775 est.³)

210 784 317 846 deinde
345 787 417 847 duas
445 801 583 861 scaenas,
613 784 722 864 quibus
748 785 905 846 intercedit
925 786 1003 865 apud
1025 786 1199 868 Euripidem

122 869 288 930 liberorum
311 869 451 949 comptio,
472 869 504 930 in
526 887 615 930 unam
638 870 795 946 contraxit,
817 870 870 930 sed
891 869 1027 931 Herculis
1042 871 1198 933 adrentum
1264 918 1268 927 ,

123 955 310 1034 primamque
339 954 503 1015 orationem
532 954 646 1015 cantico
672 954 849 1035 interrupit,
878 973 949 1016 sane
971 974 1058 1035 quam
1081 957 1209 1035 inepte,

123 1039 302 1118 Amphitruo
324 1039 405 1100 enirn
426 1049 582 1118 postquam
605 1039 678 1100 dixit
696 1041 735 1115 (v.
759 1040 851 1114 atat:
875 1052 916 1102 ert
934 1051 976 1101 est
997 1046 1108 1102 sonitus
1122 1040 1199 1102 Her-

122 1124 201 1185 culei
219 1125 335 1202 modste,
358 1142 427 1185 cum
450 1142 528 1185 nuru
544 1124 613 1198 exit,
636 1123 765 1197 Herculi,
789 1125 814 1184 si
830 1123 902 1203 quid
917 1124 980 1186 sani
995 1136 1070 1204 agat,
1093 1143 1199 1187 occur·

4 1194 9 1203 ¹
120 1226 224 1269 surus.
261 1211 371 1270 chorus
390 1209 475 1287 quasi
498 1207 572 1268 nihil
593 1209 719 1270 senserit
739 1208 778 1268 de
800 1207 928 1270 Hercule
950 1220 1098 1289 tamquam
1120 1211 1199 1291 apud

122 1293 238 1354 inferos
258 1294 356 1355 adhuc
377 1302 493 1355 retento
516 1292 610 1368 canit3
633 1302 755 1372 apparet
776 1292 919 1355 Hercules
940 1296 1032 1370 solus,
1056 1305 1085 1356 et
1106 1296 1198 1357 multa

121 1378 244 1439 demum
266 1379 301 1439 de
325 1379 446 1458 propria
467 1377 574 1438 virtute
597 1377 721 1456 gloriato
744 1385 829 1457 pater
849 1396 925 1439 uxor
941 1379 1028 1441 liberi
1042 1381 1197 1441 accedunt.

120 1463 199 1523 baec
219 1480 318 1525 rerum
342 1463 420 1524 inter
441 1482 473 1524 se
495 1463 717 1524 cohaerentium
740 1463 924 1541 putidissime
942 1463 1102 1543 discerptio
1118 1465 1199 1526 nulla

118 1546 180 1608 alia
202 1547 239 1608 de
260 1565 347 1609 causa
371 1549 445 1609 lacta
467 1558 513 1609 est
535 1565 623 1626 mam
646 1557 680 1607 ut
696 1545 816 1608 Herculi
839 1547 1020 1609 declamandi
1042 1548 1126 1609 locus
1148 1550 1198 1610 da·

119 1641 207 1693 retur
228 1633 433 1708 (aet-617).
477 1633 577 1710 legant
604 1640 702 1693 autem
728 1632 879 1711 Euripidis
901 1632 1109 1696 detrectatores
1132 1652 1198 1694 cor·

119 1724 242 1795 ruptam
264 1735 281 1777 a
296 1718 410 1778 Seneca
432 1735 568 1778 scaenam
584 1715 722 1778 Herculis
743 1717 896 1778 redeuntis
913 1735 938 1779 v.
956 1720 1018 1779 514
1033 1735 1089 1796 sq,
1112 1718 1198 1779 cuius

116 1802 262 1880 aequales
285 1820 345 1862 non
369 1801 478 1863 multae
498 1801 531 1863 in
554 1800 644 1863 ullius
666 1800 769 1881 populi
792 1801 895 1862 litteris
911 1801 1109 1863 invenientur.

211 1886 354 1966 temporis
381 1887 509 1966 spatium
532 1904 592 1967 quo
615 1886 652 1947 de
673 1886 752 1965 Lyco
774 1886 953 1966 supplicium
975 1887 1103 1948 sumitur
1128 1906 1198 1948 can·

116 1972 186 2033 tico
207 1972 319 2051 expleri
341 1990 403 2032 non
426 1971 543 2032 suffecit
562 1970 710 2053 Romano,
739 1970 793 2049 qui
821 1972 878 2032 hoc
905 1971 971 2032 loco
994 1990 1129 2033 scaenam
1152 1973 1198 2033 in·

115 2056 219 2117 seruit
240 2055 314 2117 nibil
334 2056 371 2118 ad
393 2067 601 2134 argumentum
622 2055 795 2118 attinentem
814 2056 866 2117 sed
883 2056 949 2135 ipso
963 2056 1029 2117 loco
1044 2067 1072 2117 et
1087 2057 1198 2118 ambitu

116 2140 323 2219 gravissimam
347 2141 480 2202 effectam
494 2141 587 2202 totius
600 2140 782 2219 tragoediae:
806 2158 900 2220 paene
915 2141 1050 2203 ducentis
1066 2141 1199 2202 versibus

116 2226 237 2287 inferos
259 2225 473 2288 describentem
495 2226 567 2287 lacit
586 2224 700 2286 Thesea
718 2243 807 2304 quem
822 2227 900 2287 bano
915 2225 952 2286 ob
968 2245 1086 2287 causam
1102 2226 1199 2287 statim

115 2329 195 2371 cum
213 2310 341 2372 Hercule
360 2310 485 2386 induxit,
508 2309 544 2371 ab
563 2309 715 2389 Euripidis
738 2310 878 2389 prudenti
900 2311 1022 2372 consilio
1045 2312 1198 2373 recedens.

114 2395 232 2456 deinde
259 2414 321 2456 non
349 2396 449 2457 minus
478 2395 683 2475 imprudenter
709 2414 765 2456 nec
786 2395 887 2457 minus
908 2396 1054 2457 rhetorica
1076 2395 1199 2457 libidine

114 2481 234 2540 ductus
262 2479 400 2541 Herculis
427 2481 559 2542 furorem
589 2498 650 2541 non
678 2479 799 2558 reliquit
833 2483 1013 2543 narrandum
1046 2480 1199 2542 facundiae

115 2565 290 2644 praesenti,
319 2566 371 2625 aed
399 2583 508 2644 pueros
538 2582 637 2626 coram
666 2564 778 2643 populo
801 2564 945 2627 Hercules
966 2565 1108 2639 trucidat;
1138 2583 1198 2643 quo

114 2649 260 2710 instituto
288 2650 413 2729 perinde
441 2660 529 2728 atque
557 2649 588 2710 in
611 2649 712 2711 Medea
736 2649 889 2711 Horatium
919 2651 1112 2728 contempsit,
1144 2650 1197 2710 toti

1 2791 2 2796 ,
114 2733 216 2794 huius
237 2734 308 2794 artis
331 2734 422 2795 indoli
445 2733 657 2796 convenienter
678 2744 711 2794 ut
732 2752 823 2813 supra
845 2735 1024 2797 monuimus.
1035 2737 1059 2811 ⁴)

213 2866 234 2932 ³)
251 2867 366 2932 singulos
383 2866 510 2933 Euripidis
534 2866 606 2919 locos
629 2868 742 2934 respexit
762 2884 786 2918 v.
806 2868 854 2919 268
874 2864 941 2929 (Eur.
960 2867 1034 2930 217),
1062 2869 1112 2917 440
1130 2865 1198 2929 (Eur.

1 2951 2 2966 =
116 2934 271 3001 rro‚v.i.);
290 2934 504 3001 aoo(uur.aro);
523 2933 734 3001 exornassem
756 2938 805 2987 sao
817 2934 968 2995 morasca
987 2933 1197 2998 oar(uur.sss);

1 2999 2 3050 ἶ
111 3001 253 3056 mirficum
271 3005 369 3068 Slasq.
387 3001 495 3067 (Thebis
512 3003 584 3053 laeta
603 3004 658 3053 dies
676 3001 918 3068 aderet-secundum
929 3000 988 3051 Eur·
998 3003 1047 3052 164
1057 3017 1095 3068 sq.
1107 2999 1198 3069 (χοροὶ

1 3089 2 3102 ¹
106 3066 207 3140 χοροὶ
223 3067 269 3119 καὶ
287 3069 382 3120 θαλίαι
399 3068 511 3134 μέλουσι
521 3067 612 3135 Θήβας
630 3067 705 3138 ἱερὸν
721 3067 784 3121 κατ’
800 3064 892 3135 ἄπιος
910 3069 1023 3120 omnium
1040 3069 1198 3135 apertissime

114 3155 146 3192 v,
161 3139 214 3190 eet
233 3136 354 3204 Mycenas
363 3138 438 3189 inlert
447 3153 478 3190 ex
486 3137 615 3205 Euripidis
625 3139 713 3189 nuntio
723 3138 755 3190 de
765 3137 870 3189 Hercule
880 3136 940 3187 dum
951 3136 1011 3187 lurit
1022 3135 1136 3205 Mycenis
1145 3152 1198 3190 rem

114 3205 179 3274 geri
198 3205 352 3270 somniante,
375 3206 419 3257 sed
437 3206 472 3256 ita
489 3206 565 3258 infert
582 3212 611 3256 ut
629 3206 677 3258 uisi
694 3207 726 3257 ab
744 3205 870 3272 Euripidis
889 3204 983 3256 lectore
1003 3205 1117 3272 intellegi
1134 3205 1197 3258 illud
1304 3208 1313 3219 '

111 3272 229 3326 omnino
239 3280 360 3339 nequeam
372 3275 423 3326 etc
433 3277 634 3339 (praetermeant
643 3290 742 3340 parum
751 3277 845 3338 magni
854 3280 941 3324 tumen
952 3288 1085 3339 compesce
1095 3275 1197 3324 damen-

113 3350 178 3392 tem
196 3343 335 3405 impetum)
354 3342 411 3392 Eur.
429 3356 454 3393 r.
470 3345 534 3394 1414
551 3341 685 3407 respicitur
703 3341 923 3393 aWilamowitxio
942 3342 1044 3407 egregie
1056 3348 1197 3393 correctus:

1 3421 2 3440 ¹
114 3405 132 3460 ὃ
143 3403 389 3476 κλιινὸςἩροικλῆς
399 3405 432 3459 σὺ
441 3407 486 3461 καὶ
496 3411 589 3459 νοσῶν
596 3411 693 3471 (κεῖνοι
702 3407 741 3459 ὤν
751 3408 831 3476 cod);
853 3411 917 3461 taos
926 3423 965 3475 aq.
975 3408 1006 3460 cl.
1015 3408 1073 3460 Eur.
1085 3412 1148 3461 1148
1159 3424 1197 3475 sq.

109 3476 170 3530 sed
194 3480 223 3526 ut
247 3475 312 3528 solet
337 3476 474 3528 immiscuit
497 3477 575 3528 etiam
592 3492 658 3544 quae
677 3493 708 3529 ex
725 3477 780 3531 aliis
799 3476 949 3531 Graecorum
967 3475 1057 3527 fabulis
1075 3477 1195 3527 memoria

108 3548 233 3597 teneret.
260 3558 347 3609 unum,
364 3542 403 3595 lli.
415 3546 463 3597 622
482 3544 580 3597 scilieet
597 3561 628 3597 ex
640 3544 719 3610 Soph.
730 3544 820 3597 Trach.
835 3547 881 3597 201
896 3550 1026 3609 sumptum
1038 3558 1103 3607 esse,
1120 3559 1197 3611 supra

109 3630 145 3680 p.
168 3614 206 3662 90
223 3612 317 3663 monui.
344 3617 474 3678 praeterea
492 3613 524 3664 cl.
536 3615 598 3665 1281
613 3629 650 3730 sp.
671 3619 726 3663 tota
744 3629 803 3663 cum
821 3612 941 3662 cornibus
958 3613 1014 3660 auis
1032 3610 1198 3676 dominisque

108 3685 206 3742 mlo,
224 3694 285 3729 cum
302 3680 358 3730 deis
376 3680 474 3744 templa
486 3682 607 3731 omnibus
642 3681 745 3731 hebaero
757 3696 841 3746 supro
854 3695 952 3745 corpus
964 3681 1098 3743 accipiam
1111 3694 1197 3730 meum

106 3763 185 3801 cum
202 3745 261 3798 Eur,
277 3746 373 3798 Phoen.
393 3750 458 3800 1130
475 3763 514 3831 sq.
532 3747 564 3799 de
582 3748 691 3815 Capanei
709 3754 795 3801 scuto:
818 3742 1016 3814 σιδηρονώτοις
1034 3741 1060 3795 d’
1081 3740 1198 3802 ἀσπίδος

108 3813 225 3869 τύποις
240 3811 308 3876 ἐπῆν
324 3811 404 3881 γίγας
422 3810 467 3865 ἐπ’
479 3832 565 3883 orpora
581 3815 697 3883 γηγενὴς
714 3812 778 3878 ὅλην
795 3811 875 3866 πόλιν
891 3814 987 3882 φέρων
997 3812 1141 3882 μοχλοῖσιν
1160 3812 1197 3874 ἐξ·

106 3879 290 3999 mspoicar
306 3879 429 3950 βάθρων.
461 3887 592 3949 utramque
604 3898 665 3936 vero
677 3884 833 3950 tragoediam
850 3883 960 3951 propriis
978 3881 1117 3934 condendis
1134 3883 1198 3950 legit

106 3961 147 4004 et
167 3965 197 4001 re
243 3950 270 4002 't.

208 3965 361 4080 041ἶιιίιοῆοοι
380 4019 484 4071 lorsitan
500 4020 528 4071 in
541 4018 675 4086 Sophoclis
685 4018 840 4070 Athamante
852 4018 950 4070 lurente
961 4017 1062 4081 (altera)
1080 4030 1197 4069 seaenmn

175 4110 221 4154 Leo
234 4110 262 4155 da
274 4112 368 4154 Senecae
381 4112 507 4164 tragoediis.
965 4105 993 4153 ll
