2652 4486
457 248 601 291 unncvnns
624 233 770 308 [onranvs]

66 395 167 457 rictus
189 414 271 459 meos
293 398 413 478 infregit
435 407 464 460 et
485 399 634 461 lacrimam
657 400 778 481 expulit.
821 458 824 465 ,

66 481 194 543 flentem
217 493 393 562 gementem,
416 502 531 546 summe
552 502 608 565 pro
631 495 728 546 rector
750 485 821 566 poli,

67 584 120 627 me
144 577 222 630 terra
244 568 324 644 vidit,
348 570 487 650 quodque
509 587 556 631 me
578 578 697 650 torquet
719 572 821 650 magis,

68 671 201 715 noverca
223 653 303 714 vidit.
348 654 408 715 urit
430 673 500 717 ecce
522 654 628 716 iterum
651 656 748 732 fibras,

67 738 196 801 incaluit
218 738 307 799 ardor
329 772 368 783 —
393 739 472 801 unde
494 758 576 802 nunc
596 740 709 802 fulmen
732 738 830 802 milri?

115 868 118 874 ’
201 893 285 936 cnon.
330 874 406 946 Quid
429 893 490 936 non
512 876 608 956 possit
628 894 769 956 superare
792 875 898 940 dolor?

201 960 350 1039 quondam
373 959 475 1022 Getico
498 961 600 1022 durior
622 960 732 1023 Haemo

202 1062 259 1106 nec
280 1044 436 1107 Parrhasio
458 1045 555 1107 lenior
577 1063 630 1109 axe

202 1148 286 1192 saevo
310 1130 398 1192 cessit
419 1130 550 1192 membra
573 1131 668 1193 dolori

201 1215 372 1295 fessumque
395 1234 515 1278 movens
538 1234 592 1296 per
614 1216 688 1278 colla
711 1229 799 1299 caput

201 1300 278 1362 latus
300 1301 412 1362 alterno
434 1301 567 1382 pondere
588 1302 690 1379 flectit,

201 1386 304 1448 iletum
325 1386 418 1447 virtus
440 1405 527 1467 saepe
550 1386 692 1449 resorbet.

202 1470 245 1532 sic
266 1480 381 1533 arctoas
402 1472 499 1533 laxare
521 1472 603 1534 nives

202 1555 334 1635 quamvis
355 1556 455 1636 tepido
477 1556 575 1619 sidere
596 1557 682 1619 Titan

203 1659 264 1702 non
286 1648 384 1703 tamen
407 1642 495 1704 audet
516 1642 666 1722 vincitque
688 1643 766 1705 faces

202 1725 273 1787 solis
287 1722 390 1815 'adusti
413 1726 532 1806 glaciale
555 1727 648 1789 iubar.

71 1879 157 1923 nnnc.
203 1860 346 1923 Converte
366 1862 464 1924 voltus
486 1863 521 1923 ad
544 1881 623 1925 meas
646 1863 752 1938 clades,
776 1873 873 1946 pater:

72 1964 235 2026 numquam
256 1947 293 2008 ad
314 1954 380 2009 tuas
402 1949 536 2027 confugit
558 1948 674 2010 Alcides
696 1967 811 2027 manus,

73 2050 136 2094 non
159 2049 226 2093 cum
247 2050 303 2112 per
324 2040 405 2094 artus
426 2032 518 2112 hydra
538 2034 699 2095 secundum
722 2053 804 2098 meos

72 2127 162 2196 caput
183 2117 358 2197 explicaret;
381 2118 461 2180 inter
482 2119 615 2180 infernos
638 2119 719 2181 lacus

71 2221 229 2283 possessus
251 2211 312 2264 atra
336 2214 423 2266 nocte
445 2221 512 2265 cum
535 2204 606 2265 Fato
628 2206 695 2266 steti

72 2306 130 2350 nec
151 2288 297 2364 invocari;
321 2296 366 2350 tot
387 2289 464 2350 seras
486 2289 542 2351 vici
563 2289 707 2365 horridas,

73 2391 169 2454 reges,
191 2381 343 2454 tyrannos,
367 2392 423 2435 nec
445 2381 544 2436 tamen
567 2375 664 2437 voltus
686 2393 769 2437 meos

72 2459 104 2519 in
127 2466 202 2520 astra
224 2458 313 2520 torsi:
337 2476 455 2540 semper
478 2460 550 2522 haec
574 2460 660 2522 nobis
682 2479 787 2522 manus

71 2552 173 2605 votum
195 2544 370 2624 spopondit;
394 2544 475 2606 nulla
497 2554 621 2625 propter
642 2564 689 2608 me
712 2564 795 2607 sacro

74 2629 203 2691 micuere
226 2629 306 2691 caelo
327 2628 451 2691 fulmina
474 2662 518 2676 —-
538 2632 587 2692 hic
609 2631 719 2710 aliquid
742 2631 804 2692 dies

74 2723 176 2795 optare
197 2714 291 2777 iussit.
338 2715 454 2795 primns
476 2714 602 2777 audierit
623 2733 728 2796 preces

74 2800 210 2880 idemque
233 2818 381 2861 summus:
407 2801 529 2862 unicum
551 2801 663 2863 fulmen
687 2807 771 2880 peto;

74 2884 190 2965 giganta
213 2885 315 2947 crede:
340 2904 401 2946 non
423 2887 523 2947 minus
546 2885 659 2947 caelum
682 2885 754 2946 mihi

73 2988 203 3032 asserere
224 2971 309 3050 potui
330 3005 372 3016 -
394 2971 465 3032 dum
487 2977 600 3051 patrem
622 2989 724 3032 verum
746 2976 831 3051 puto,

74 3056 152 3118 caelo
174 3055 305 3136 peperci.
351 3056 411 3117 sire
432 3056 570 3131 crudelis,
593 3064 686 3136 pater,

74 3142 134 3203 sive
155 3160 187 3203 es
208 3140 387 3218 misericors,
410 3142 563 3203 commoda
586 3152 655 3203 nato
678 3159 798 3202 manum

74 3235 252 3307 properante
273 3235 368 3288 morte
391 3234 420 3287 et
442 3244 555 3307 occupa
578 3227 654 3288 hanc
676 3227 793 3288 laudem
816 3226 879 3289 tibi.

74 3312 118 3373 rel
140 3311 163 3373 si
187 3312 268 3391 piget
290 3329 456 3391 manusque
479 3312 621 3374 detrectat
643 3313 736 3387 netas,

7 3424 8 3429 ¹
76 3397 172 3459 emitte
194 3395 296 3458 Siculo
318 3397 428 3460 vertice
449 3397 595 3473 ardentes,
618 3404 711 3477 pater,

75 3480 191 3543 Titanas
213 3482 244 3543 in
268 3500 324 3559 nte,
347 3481 399 3562 qui
420 3500 511 3544 manu
533 3481 650 3543 Pindon
672 3482 770 3543 ferant

159 3651 408 3704 12711111111111Ε.
428 3678 461 3690 -
480 3650 570 3703 extulit
589 3650 613 3700 A
685 3652 749 3702 1275
764 3651 894 3714 protector
909 3649 936 3699 A
957 3653 1105 3716 prospector
1123 3655 1143 3715 ς

7 3718 8 3733 ¹
77 3722 138 3773 1281
157 3720 276 3788 pannonio
294 3719 350 3784 Ες.
366 3747 400 3763 -
416 3719 511 3771 lentior
528 3718 604 3770 codd.
623 3718 791 3770 corrected).
809 3717 934 3768 menius
986 3717 1143 3771 12821aovo

7 3842 8 3861 χ
76 3788 100 3839 Ε
151 3789 365 3842 1288110111Ε
418 3790 483 3841 1285
501 3785 608 3840 resolvit
623 3787 650 3838 A
703 3789 768 3839 1290
786 3801 898 3838 scamno
915 3785 1143 3838 imortdtuerller-

7 3910 8 3925 ,
76 3856 151 3908 cules.
168 3857 290 3909 Alcmena
344 3858 410 3909 1286
428 3859 582 3908 nontamen
598 3855 625 3905 A
679 3858 744 3908 1380
763 3854 872 3907 audieris
888 3853 914 3905 Ε
971 3856 1037 3906 taor
1053 3869 1143 3907 rerum

7 3928 8 3941 ¹
76 3924 176 3975 mittin
246 3928 312 3978 1886
331 3938 438 3991 propera
458 3927 517 3976 ante
534 3924 677 3975 mortemA
748 3925 812 3976 teon
831 3924 874 3989 qui
891 3937 968 3974 manu
980 3921 1088 3974 Pindum
1105 3923 1142 3975 ie-

77 3998 131 4044 rant
147 3995 171 4044 A
189 3994 234 4060 qui
251 4008 343 4045 manus
360 3992 442 4046 Pindo
460 3992 525 4044 serat
543 3992 567 4042 Ε
692 4010 695 4017 ·
908 4022 911 4029 ,
