2652 4486
644 264 763 312 ocrtvtt

251 420 326 482 leret
346 419 428 482 hunc
452 418 570 481 titulum
592 420 738 499 postlata
760 428 858 483 mmen

251 505 359 567 lamina
381 505 471 585 longo
493 521 612 585 semper
632 503 664 566 in
687 522 767 566 aero.

252 608 335 657 narn,
379 589 478 652 Animi
500 587 596 651 retine
617 589 705 652 verha
726 590 863 665 lucentis,

252 686 362 739 temere
384 674 521 738 emissam
543 675 706 755 comprime
727 693 838 738 vocem.

167 849 231 892 oar.
295 828 460 892 Toleranda
482 828 614 910 quamvis
637 827 740 908 patiar,
763 828 841 891 haucl
865 847 1003 909 umquam
1027 842 1142 912 queant
1208 846 1249 897 tto

167 915 224 977 nisi
246 924 341 977 morto
364 914 441 978 tristi
464 922 566 977 nostra
587 913 666 976 finiri
689 913 773 975 mala.

167 1000 317 1081 genetrice
339 1018 433 1076 caasa,
455 1017 510 1079 per
531 999 628 1062 scelus
650 1007 735 1079 rapto
758 1007 852 1079 petre,

167 1086 268 1148 orbata
290 1087 390 1161 tratre,
412 1084 539 1147 miseriis
561 1084 644 1147 luctu
667 1084 782 1160 ohruta,

167 1188 300 1234 maerore
322 1170 434 1250 pressa,
456 1169 577 1250 coniugi
600 1169 692 1232 invisa
713 1187 749 1231 ac
769 1188 851 1232 meae

166 1256 298 1319 subiecta
319 1254 445 1317 famulae
467 1254 534 1316 luco
556 1274 618 1317 non
641 1266 722 1335 grata
744 1255 838 1328 liuor,

167 1341 334 1421 trepidante
355 1358 474 1421 semper
496 1340 586 1402 corde
608 1359 669 1402 non
692 1340 798 1403 mortis
820 1350 909 1413 metu,

166 1427 218 1490 sed
240 1425 361 1488 sceleris
383 1460 425 1471 -
447 1425 522 1488 ahsit
544 1426 657 1488 crimen
679 1446 696 1489 a
718 1425 785 1488 latis
807 1426 890 1501 meis,

166 1511 243 1574 mori
265 1510 389 1587 iuvabit3
413 1530 509 1592 poena
533 1530 601 1574 nam
623 1511 739 1590 gravior
762 1530 835 1574 nece
857 1520 902 1574 est

168 1597 265 1660 ualere
287 1597 414 1659 tumidos
438 1607 467 1659 et
490 1604 588 1658 truces
611 1597 735 1659 miserae
756 1596 829 1658 mihi

167 1683 265 1746 vultus
287 1683 406 1763 tyranni
428 1682 551 1761 iungere
573 1690 662 1762 atque
684 1681 763 1743 hosti
785 1681 895 1756 oscula,

167 1769 271 1831 timere
294 1777 385 1831 nutus
408 1767 493 1829 cuius
516 1766 691 1847 obsequium
714 1785 800 1829 meus

166 1854 245 1917 haud
267 1854 344 1916 terre
366 1861 466 1933 posset
488 1852 545 1914 iata
567 1861 635 1932 post
658 1851 755 1914 iratris
777 1852 863 1914 dolor

167 1940 280 2002 scelera
302 1937 482 2017 interempti,
505 1936 591 1999 cuius
615 1937 772 2017 imperium
795 1947 877 1999 tenet

168 2033 197 2087 et
219 2032 299 2085 sorte
321 2023 429 2103 gaudet
450 2030 555 2084 auctor
576 2023 714 2084 infandae
737 2021 828 2085 necis.

168 2126 255 2190 quam
278 2126 367 2188 saepe
389 2107 481 2169 tristis
503 2107 608 2169 umbra
630 2107 762 2188 germani
784 2107 858 2170 meis

167 2195 290 2257 ollertur
312 2193 417 2269 oculis,
439 2192 570 2257 mamhra
593 2212 661 2255 cum
683 2192 769 2256 solvit
790 2193 875 2273 quies

167 2289 196 2342 et
217 2280 293 2341 lassa
315 2278 386 2340 tlatu
409 2278 521 2341 lumina
543 2278 691 2359 oppressit
713 2296 817 2358 sopor:

167 2368 254 2427 modo
278 2363 390 2426 lacibus
412 2363 483 2426 atris
506 2371 598 2425 armat
620 2363 750 2426 iohrmas
772 2382 878 2427 manus

167 2450 330 2529 oculosque
353 2460 383 2512 ct
404 2467 455 2511 ora
477 2448 575 2511 lratris
597 2449 723 2511 infestus
746 2450 829 2529 petit,

166 2535 254 2598 modo
277 2534 409 2614 trepidus
432 2534 509 2595 idem
531 2533 642 2613 refugit
663 2533 694 2597 in
717 2534 859 2597 thalamos
881 2553 981 2611 meos;

167 2621 356 2701 persequitur
377 2619 472 2682 hostis
494 2629 583 2699 atque
605 2619 771 2682 inhaerenti
793 2620 866 2682 mihi

167 2707 312 2768 violentus
335 2723 437 2767 ensem
459 2723 513 2785 par
534 2704 611 2766 latus
634 2713 770 2768 nostrum
792 2705 879 2785 rapit.

166 2802 239 2853 tunc
261 2800 372 2852 tremor
394 2798 423 2851 et
445 2790 551 2869 ingens
574 2788 684 2852 excutit
705 2809 827 2852 somnos
849 2808 939 2871 paror

166 2883 345 2956 renovatque
366 2876 465 2938 luctus
488 2885 517 2937 et
537 2883 634 2938 metus
656 2875 781 2938 miserae
803 2875 884 2938 mihi.

165 2961 248 3024 adice
269 2961 316 3023 his
337 2960 496 3041 superbam
518 2960 670 3040 paelicem,
692 2969 812 3024 nostrae
834 2960 940 3023 domus

167 3046 269 3127 spoliis
292 3046 445 3123 nitentem,
468 3045 554 3108 cuius
577 3046 607 3108 in
631 3064 741 3109 munus
763 3064 846 3109 suam

167 3131 284 3212 Stygiae
306 3137 459 3212 parantem
481 3138 568 3194 natus
590 3131 732 3212 imposuit
754 3131 819 3208 rati,

167 3235 254 3297 quam
277 3217 339 3278 dira
361 3226 429 3296 post
452 3216 602 3297 naufragia
624 3225 764 3297 superato
786 3216 857 3279 mari

165 3303 244 3364 ferro
268 3301 417 3364 interemit
436 3302 550 3364 saevior
572 3301 667 3383 pelagi
688 3302 787 3364 fretis:

98 3420 100 3423 v
166 3406 242 3468 quae
264 3406 333 3468 spes
355 3386 457 3449 salutis
479 3397 547 3468 post
569 3388 652 3449 nolas
674 3396 789 3449 tantum
811 3384 904 3448 mihil

167 3473 285 3535 inimica
307 3472 410 3535 victrix
432 3473 566 3535 imminet
587 3471 720 3534 thalamis
742 3472 816 3534 meis

166 3559 294 3639 odioque
316 3558 411 3620 nostri
433 3557 537 3638 flagrat
559 3567 588 3620 et
609 3558 738 3638 pretium
759 3556 856 3639 stupri

164 3678 370 3689 ’.η-.-

251 3747 283 3797 ut
307 3744 365 3794 hinc
386 3740 426 3793 itt
513 3745 562 3794 100
580 3745 738 3794 inscribitur·
760 3741 870 3795 littaris.
898 3742 982 3793 nutrix
999 3739 1042 3792 M,
1058 3767 1093 3779 -
1119 3746 1167 3794 aut
1186 3743 1252 3795 ΣΤι

168 3815 214 3864 105
233 3812 303 3863 furor
319 3810 381 3861 211²
453 3811 499 3863 108
517 3824 575 3861 narn
595 3809 933 3874 uninonnnuncoto
986 3811 1052 3862 ’114
1069 3815 1154 3862 morte
1168 3812 1250 3864 codd.

131 3942 134 3947 ἱ
165 3885 287 3932 correers
304 3880 419 3947 Lipsius.
441 3906 476 3917 -
499 3877 623 3931 netandae
642 3879 689 3930 Φθ
785 3882 832 3932 116
850 3877 952 3930 affertur
970 3877 993 3928 L
1014 3875 1136 3930 offeretur
1154 3878 1197 3934 Μ.
1214 3907 1252 3919 ·-·

164 3945 472 3998 oculist.rac1m.L
535 3949 581 3998 111
600 3947 675 3999 llessa
695 3947 720 3997 H
736 3948 800 3999 flexa
819 3948 854 3998 M
910 3949 955 3999 111
975 3944 1050 3998 inerti
1066 3947 1092 3996 Σ
1107 3946 1208 4001 inherti
1226 3948 1255 3999 H

165 4012 303 4064 inhorrenti
322 4014 343 4064 0
414 4016 462 4066 123
480 4028 557 4065 sonos
574 4017 599 4064 Σ
670 4017 718 4067 121
737 4015 803 4082 stige
821 4013 871 4066 ΗΥ
