2720 4488
554 235 583 276 n.
605 234 710 277 anunm
731 217 859 278 senecae

298 402 389 466 posse
410 403 533 448 cruores
554 418 597 431 -
640 401 757 446 sacrum
779 384 894 467 laticem

297 488 438 551 percussa
460 470 537 545 dedi.

298 555 404 636 quodsi
426 554 551 617 nimium
573 573 661 637 saepe
682 555 780 618 vocari

300 642 434 722 quereris
450 641 542 717 votis,
565 641 686 721 ignosce
706 635 835 722 ⁴precor:

301 745 388 790 causa
409 725 550 801 vocandi,
571 725 688 811 Persei,
710 737 778 789 tuos

300 811 419 893 saepius
440 829 528 874 arcus
550 830 610 873 una
631 808 720 892 atque
742 812 843 874 eadem
867 819 912 876 est

299 915 428 978 semper,
448 897 545 958 lason.

299 993 333 1045 tu
355 999 437 1044 nuno
457 989 554 1043 vestes
575 981 658 1063 tinge
681 980 821 1058 Creusae,

301 1085 375 1147 quas
397 1085 465 1129 curn
487 1066 617 1147 primurn
640 1065 817 1147 sumpserit,
840 1068 913 1137 imas

301 1160 368 1215 urat
390 1170 514 1233 serpens
536 1151 652 1213 flamma
673 1151 827 1214 medullas.

300 1237 380 1317 ignis
401 1237 481 1299 fulvo
504 1237 607 1300 clusus
628 1237 659 1299 in
682 1255 756 1298 auro

299 1323 370 1385 latet
392 1318 556 1403 obscurus,
579 1341 668 1402 quem
685 1322 762 1384 'mihi
784 1321 857 1386 caeli

301 1408 353 1489 qui
374 1408 452 1471 furtu
473 1407 529 1470 luit
549 1408 661 1470 viscere
682 1410 743 1472 leto

301 1494 381 1557 dedit
403 1501 434 1555 et
454 1493 556 1556 docuit
578 1494 707 1557 condere
728 1490 806 1556 uires

302 1589 382 1654 arte,
402 1578 609 1643 Prometheus.
652 1579 733 1642 dedit
755 1587 784 1642 et
804 1578 888 1642 tenui

302 1664 453 1744 sulphure¹
468 1673 563 1728 tectos
584 1664 730 1728 Mulciber
750 1665 845 1746 ignes,

303 1760 332 1812 et
352 1750 459 1813 vivacis
480 1749 599 1831 fulgura
619 1751 753 1827 flammae

302 1837 339 1898 de
361 1845 486 1917 cognato
509 1836 693 1899 Phaethonte
714 1834 780 1898 tuli.

301 1921 397 1984 haheo
419 1921 532 1984 mediae
554 1920 631 1984 dona
654 1921 834 2001 Chimaerae,

302 2007 397 2071 habeo
418 2008 549 2070 flammas
572 2015 639 2069 usto
662 2007 739 2069 tauri

304 2104 423 2172 gutture
445 2102 561 2173 raptas,
584 2110 657 2172 quas
678 2092 824 2172 permixto

304 2178 372 2241 selle
393 2177 532 2241 Medusae
553 2177 675 2240 tacitum
698 2168 771 2240 ius'si

304 2281 421 2326 servare
442 2262 600 2339 malumno
624 2274 660 2310 ν’

123 2342 178 2413 ‘'‚v
304 2348 377 2411 adde
398 2348 521 2411 vehenis
542 2346 694 2426 stimulos,
716 2328 834 2422 llecate,

265 2488 273 2497 ,
306 2434 452 2514 donisque
474 2434 548 2496 meis
571 2433 683 2495 semina
708 2433 842 2494 flammae

306 2519 424 2582 condita
446 2536 538 2607 serua.
580 2518 683 2581 fallant
704 2518 784 2583 visus

305 2612 462 2685 tactusque
483 2604 598 2681 lerant,
619 2611 699 2684 meet
720 2603 752 2665 in
774 2609 880 2682 pectus
939 2668 944 2675 ‚
970 2608 998 2637 s

305 2708 454 2770 uenasque
477 2688 567 2767 calor,
589 2689 701 2765 stillent
721 2695 803 2750 artus
877 2667 984 2723 “affl

307 2794 433 2856 ossaque
455 2775 571 2837 lument
591 2775 747 2854 sinuatque
769 2789 838 2837 suas

180 2898 192 2923 s
306 2862 556 2940 flagrante-coma
578 2868 767 2939 nova-nupta
788 2859 877 2919 faces.

351 2945 423 3008 Vota
444 2953 602 3009 tenentur:
625 2954 671 3007 ter
693 2945 814 3006 latratus

308 3031 402 3093 audax
424 3030 533 3093 Hecate
542 3031 634 3093 ⁴dedit
656 3036 685 3092 et
706 3046 808 3091 sacros

211 3146 216 3155 ι
310 3116 401 3177 edidit
422 3116 507 3196 ignes
527 3115 745 3179 facelucilera.

265 3269 387 3332 Peracta
408 3268 452 3330 vis
473 3277 519 3332 est
540 3267 653 3331 omnis:
676 3267 737 3328 huo
759 3273 845 3327 natos
866 3279 948 3341 voca,
1040 3278 1045 3287 “

180 3355 310 3434 pretiosa
332 3372 388 3436 per
409 3372 484 3435 quos
506 3353 583 3416 dona
604 3351 729 3414 nuhcnti
751 3352 838 3412 ieras.

181 3440 239 3518 ite,
262 3441 318 3518 ite,
341 3440 418 3517 nati,
440 3439 541 3501 matris
563 3439 708 3517 infaustae
731 3454 839 3515 genus,

181 3525 295 3607 placate
315 3524 398 3588 vohis
420 3543 545 3587 munere
566 3534 596 3586 et
616 3523 709 3585 multa
731 3540 821 3604 prece

181 3613 329 3675 dominam
353 3629 387 3673 ac
408 3628 574 3684 novercam.
618 3608 712 3671 vadite
735 3618 763 3671 et
777 3607 895 3670 'celeres
917 3607 1038 3671 domum

182 3697 291 3760 referte
313 3715 450 3777 gressus,
473 3696 577 3758 ultimo
599 3694 736 3775 amplexu
759 3702 792 3756 ut
812 3693 904 3756 fruar.

277 3902 327 3954 818
346 3900 428 3967 inmas
444 3870 484 3951 eie
501 3898 526 3949 E
586 3895 806 3952 aulocrenen·
868 3898 917 3951 824
935 3898 1015 3950 artem
1032 3895 1066 3946 A.
1082 3923 1117 3933 -
1133 3890 1257 3948 tenuitA

183 3968 233 4019 828
251 3966 378 4034 clymerae
395 3967 420 4019 Ε
472 3969 520 4020 837
539 3964 661 4019 stilleth'
713 3967 762 4019 842
780 3964 897 4020 luetilera
914 3967 940 4018 A
992 3966 1040 4019 847
1051 3966 1091 4028 ac]
1109 3963 1172 4016 etA
1242 3964 1244 3969 '
