2648 4478
489 276 527 318 ns
548 275 718 319 ruamassrs.
1099 260 1138 321 79

161 429 206 491 sed
229 428 367 490 nuntium
389 429 477 490 istum
500 426 600 507 paullo
623 426 766 488 intentius
785 426 995 488 examinemus.
1025 427 1069 488 sie
1090 426 1139 489 ille

89 514 215 594 loquitur:
415 512 418 516 ⁴
984 528 989 537 “

270 597 431 677 oceaplam
453 601 485 658 ta
507 601 606 677 lageas
628 601 707 676 repta
728 600 815 676 stirpe
836 598 944 659 editam

174 708 176 713 ·
275 683 382 745 Tdedoo
399 693 534 762 paventes
555 700 639 743 arato
660 683 795 761 [cormac
817 685 949 744 invocant

270 779 426 848 rogaretque
448 771 525 829 trotio
546 785 644 829 arceas
661 771 767 847 patriis
788 766 874 844 facee.

269 871 330 914 aaa
351 862 419 915 suat
439 855 544 928 minae,
566 855 626 913 iam
644 857 766 932 propias
787 855 900 912 accessa
920 851 1039 913 malam.

86 937 128 998 hio
146 955 217 1000 arma
239 938 366 999 fraterna
382 944 480 1017 potest
495 936 623 999 Eteoelis
638 936 848 1017 Polynieisque
863 935 964 1015 copias
978 936 1136 1017 appellare.

86 1022 129 1083 sed
147 1022 249 1102 pergit:

268 1105 338 1168 arai
358 1125 448 1186 regala
468 1118 595 1186 repeteres
615 1108 711 1185 frater
732 1118 760 1168 et
776 1116 877 1186 pactas
898 1110 971 1167 cioca

269 1197 303 1254 ia
324 1191 395 1253 dello
417 1202 528 1253 meotes
552 1190 686 1253 Graeciae
703 1192 824 1272 populos
846 1195 915 1271 ogit.

86 1276 157 1338 ouius
181 1277 227 1338 ille
254 1278 374 1338 tratrem
406 1273 499 1337 dicit?
534 1287 613 1337 certe
643 1294 699 1337 neo
726 1276 822 1338 nuntii
846 1295 943 1356 neque
967 1276 1136 1357 Oedipodis.

86 1379 144 1440 ergo
157 1359 304 1424 Eteoelis?
327 1370 356 1422 at
378 1361 442 1423 eius
464 1379 575 1422 nomen
592 1361 725 1422 nondum
744 1362 935 1441 nuncupavit.
966 1363 1138 1426 neutraliter

85 1454 166 1508 autem
187 1455 215 1509 et
236 1446 369 1508 absolate
390 1446 512 1507 fratrem
534 1447 708 1509 alterutrum
731 1447 880 1527 appellare
902 1466 963 1508 non
988 1455 1094 1528 potest.

155 1532 236 1594 lacile
265 1531 314 1592 hio
344 1531 440 1592 nodus
469 1530 608 1592 solvitur:
638 1532 750 1612 quippe
773 1532 897 1593 nuntius
920 1532 968 1593 ille
990 1533 1138 1594 insiticius

85 1625 134 1691 est,
159 1617 191 1678 ab
220 1616 434 1696 interpolatore
455 1616 479 1676 A
509 1616 690 1695 subpositus.
735 1617 766 1678 in
788 1618 915 1678 Etrusco
944 1616 1138 1678 haecomnia

22 1756 24 1761 ,
84 1701 230 1781 Antigonae
252 1711 323 1763 sunt
346 1719 402 1762 neo
424 1708 522 1780 potest
543 1701 597 1763 alia
619 1720 747 1781 persona
765 1719 881 1762 versum
904 1701 986 1762 illum
1001 1720 1137 1781 pronun·

84 1786 151 1847 liare.
194 1786 294 1849 eadem
323 1786 458 1865 loquitur
484 1804 511 1845 v.
534 1787 711 1863 ata-49,
741 1794 775 1848 ut
803 1795 832 1847 et
859 1786 917 1847 hoc
945 1787 1137 1867 conloquium

22 1930 24 1941 ,
84 1877 161 1932 totum
188 1871 227 1934 sit
254 1871 334 1933 inter
356 1869 503 1950 Oedipum
534 1880 562 1932 et
585 1872 772 1950 Antigonam.
817 1870 865 1932 illa
895 1872 952 1933 iam
981 1871 1011 1933 in
1036 1872 1138 1952 priore

22 1962 24 2035 ῥ
85 1972 171 2018 seaem
193 1956 229 2018 de
250 1957 376 2018 fratrum
397 1954 477 2017 bello
499 1965 654 2017 monuerat
676 1958 738 2021 288
753 1975 813 2036 sq.:

22 2040 24 2057 ³
268 2045 296 2102 si
314 2041 406 2116 aella
428 2045 549 2119 genitor,
572 2061 658 2104 caasa
679 2044 797 2105 er'ooada'
817 2042 871 2104 tibi
891 2052 940 2113 est,

267 2125 337 2188 laec
357 2145 417 2187 aaa
438 2125 550 2187 obaade
572 2138 620 2198 est,
642 2138 675 2189 at
693 2137 778 2206 pater
799 2139 881 2189 aoros
902 2144 993 2207 repas.

22 2246 23 2257 κ
84 2219 152 2288 pater
170 2211 363 2291 responderat
384 2210 451 2271 illos
473 2218 533 2271 tam
555 2211 647 2290 patris
669 2211 780 2273 similes
803 2230 867 2273 esse
891 2221 923 2274 ut
946 2211 1135 2274 nullomodo

22 2298 24 2305 ’
84 2296 215 2360 asoelere
236 2296 368 2357 revocari
391 2303 502 2375 queant

22 2390 23 2405 ¹
105 2398 108 2401 ·
269 2385 431 2443 certantia
454 2381 673 2459 oaoaefoct'aos
695 2381 916 2461 etpeasiaa'dil

269 2467 376 2528 doceat
396 2465 448 2526 adi
468 2468 576 2544 apocal)
599 2469 646 2527 ira
663 2470 833 2546 proectpr'tes
855 2471 915 2546 agit

267 2552 404 2631 nefasque
424 2549 538 2611 nullom
554 2568 609 2630 per
630 2551 715 2629 nefas
735 2556 801 2613 acati
816 2561 931 2632 pataret.

22 2686 24 2715 q
85 2632 146 2696 scire
164 2654 195 2696 se
217 2653 278 2715 quo
299 2636 435 2698 ferantur
449 2635 575 2714 ideoque
590 2634 641 2697 leti
658 2655 799 2715 quaerere
813 2643 957 2699 maturam
973 2637 1056 2698 viam.
1087 2637 1136 2698 hio

22 2758 23 2789 3
84 2716 157 2794 igitur
181 2721 276 2782 multo
303 2720 494 2801 placidiorem
523 2738 556 2781 se
584 2720 660 2799 gerit
688 2732 716 2782 et
742 2722 826 2801 quasi
849 2723 971 2783 oblitum
994 2721 1135 2801 gravioris

85 2800 286 2882 imprecationis
307 2824 365 2885 qua
388 2805 515 2883 gladium
539 2803 597 2865 illis
618 2806 765 2867 commisit
787 2808 824 2880 (v.
843 2807 903 2869 108
925 2806 994 2883 sq).
1031 2814 1134 2868 eontra

85 2902 105 2946 v·
118 2889 170 2954 320
191 2891 340 2970 Antigona
361 2890 471 2952 Thebis
492 2889 623 2964 advenit3
650 2909 724 2951 nova
746 2891 825 2951 enim
848 2890 979 2950 nuntiat:

268 2994 329 3037 aaa
349 2986 415 3037 seat
436 2978 622 3053 mineatem
639 2981 762 3056 propias
783 2979 895 3037 accessit
915 2974 1036 3037 malam.

22 3120 23 3135 q
86 3056 146 3119 nihil
170 3060 258 3140 igitar
280 3061 393 3122 Seneca
422 3060 551 3140 respexit
579 3079 654 3139 quae
682 3062 712 3121 in
742 3060 844 3140 priore
869 3078 974 3121 scaena
996 3068 1134 3141 aguntur.

86 3139 154 3219 lingit
177 3145 323 3225 Oedipum
352 3145 451 3226 aliqua
480 3146 511 3206 in
541 3145 617 3206 saltu
647 3154 811 3207 morantem
840 3155 869 3207 et
898 3145 933 3207 de
962 3144 1134 3209 imminente

22 3252 24 3309 4
87 3223 188 3290 lratmm
214 3229 294 3291 bello
325 3230 463 3291 nuntium
493 3247 548 3309 per
570 3229 747 3308 Antigonam
775 3230 968 3310 accipientem
998 3240 1032 3292 ut
1056 3232 1134 3311 apud

22 3334 24 3379 3
87 3307 242 3390 Sophoclem
271 3333 327 3395 per
353 3315 491 3376 Ismenen
520 3307 619 3376 αὐτὸν
647 3310 744 3393 μόλις
767 3308 942 3399 εὑροῦσαν,
977 3335 1070 3395 eaque
1099 3316 1135 3377 de

22 3418 24 3477 r
87 3410 156 3458 musa
175 3418 317 3479 perquam
340 3399 472 3462 animose
494 3399 701 3479 disputantem.

22 3514 24 3559 ς
154 3483 226 3546 hanc
256 3503 392 3547 scaenam
422 3503 489 3546 aum
519 3483 607 3545 nimis
633 3484 749 3546 brevem
772 3494 801 3546 et
823 3486 927 3547 exilem
951 3502 1015 3545 esse
1037 3483 1133 3565 primo

87 3561 173 3629 obtutu
199 3569 402 3648 intellegatur,
441 3587 504 3631 eam
534 3587 594 3631 non
625 3569 767 3648 integram
798 3569 884 3631 nabis
906 3576 1047 3632 servatam
1070 3588 1134 3632 esse

87 3645 259 3716 demonstrari
281 3664 390 3735 potest.
418 3655 526 3718 iterum
547 3653 709 3716 adscribam
725 3655 890 3735 Antigonae
911 3655 1079 3717 exordium:

267 3741 429 3820 emoacplaat
450 3745 483 3802 ia
505 3743 603 3819 ingeras
623 3744 704 3819 regio
725 3745 812 3820 stirpe
834 3741 940 3802 editam

271 3824 378 3887 Taedae
395 3836 529 3906 peccatos
551 3842 633 3886 armo
655 3826 789 3904 [ratane
810 3828 943 3909 o'aooaaat

87 3929 267 3948 ξιξ

159 4001 179 4068 ⁴)
196 4005 230 4057 sic
246 4006 389 4075 legendnm.
417 4007 477 4059 illos
495 3993 569 4061 codd.
