2776 4476
530 926 856 1013 PRAEFATIO

244 1184 286 1246 Dc
307 1183 421 1246 ratione
444 1200 532 1264 quam
554 1186 585 1246 in
606 1185 797 1247 recensendis
810 1185 941 1247 Senecae
964 1185 1123 1265 tragoediis
1144 1205 1231 1249 secu·
1312 1196 1316 1206 '

158 1270 287 1344 tussim,
309 1269 379 1331 satis
395 1269 560 1350 expositum
576 1272 667 1332 estin
682 1272 782 1352 priore
800 1270 890 1331 buius
913 1270 1051 1332 editionis
1071 1270 1229 1333 volumine.

158 1363 274 1417 constat
295 1365 407 1428 autem,
437 1362 471 1416 ut
492 1372 636 1417 summam
658 1356 701 1417 rei
731 1356 838 1417 iterum
865 1355 1078 1435 perstringam,
1107 1357 1241 1419 unicum

158 1440 382 1502 constituendae
403 1439 540 1502 lectionis
561 1440 715 1502 universae
736 1441 961 1502 fundamentum
984 1458 1049 1502 esse
1071 1441 1231 1504 Etruscum

158 1524 290 1587 codicem
319 1526 339 1589 i.
362 1544 388 1586 e.
410 1525 640 1588 Laurentianum
664 1527 753 1602 37,6
779 1543 855 1586 saec.
877 1543 985 1586 xr—xu
1012 1525 1078 1603 (E),
1107 1527 1230 1588 unicum

159 1609 281 1688 genuini
303 1610 520 1689 tragoediarum
542 1610 678 1691 corporis
701 1610 865 1690 exemplar3
889 1628 950 1670 non
979 1611 1079 1672 minus
1108 1609 1231 1688 constat,

157 1695 339 1774 ubicumque
370 1696 406 1757 de
435 1695 553 1757 Etrusci
583 1695 730 1775 scriptura
759 1694 901 1756 dubitatio
923 1694 1004 1756 nulla
1027 1704 1090 1771 est,
1120 1696 1232 1759 nullius

158 1799 232 1842 usus
254 1798 320 1842 esse
340 1780 503 1861 apographi
517 1783 568 1856 (Σ)
591 1780 724 1860 germina
738 1780 870 1841 codicem
885 1779 1112 1843 Ambrosianum
1127 1779 1151 1842 D
1168 1784 1231 1845 276

50 1884 54 1887 ·
158 1865 213 1927 inl.
236 1864 296 1944 (M)
319 1875 348 1928 et
370 1865 541 1927 Vaticanum
568 1867 649 1930 1769
665 1865 730 1940 (N).
759 1865 795 1925 ad
815 1865 975 1926 Etruscum
996 1884 1065 1927 vero
1087 1865 1232 1929 accedunt
1263 1856 1269 1873 ’

158 1951 288 2031 primum
310 1951 341 2013 in
364 1950 513 2012 Troadum
534 1950 653 2013 Medeae
675 1948 781 2030 Oedipi
803 1949 916 2030 aliquot
943 1950 1066 2012 canticis
1094 1960 1231 2032 excerpta

159 2035 270 2097 codicis
284 2035 418 2098 Tbuanci
433 2054 509 2097 saec.
525 2053 599 2097 lit—x
613 2033 703 2112 (Tb),
725 2054 801 2115 quae
815 2036 979 2099 secundum
994 2035 1144 2098 Duebneri
1159 2054 1230 2117 apo-

159 2121 305 2201 graphum
327 2140 343 2182 a
365 2120 490 2201 Pcipero
513 2128 542 2182 et
562 2119 701 2193 Richtero
723 2120 906 2201 publicatum
927 2121 1031 2201 (prael.
1048 2123 1231 2202 p.xx1vsq.)

160 2216 189 2269 et
202 2225 219 2268 a
234 2205 321 2268 nobis
336 2206 444 2268 iterum
460 2223 527 2267 cum
543 2205 644 2267 codice
659 2205 807 2267 conlatum
822 2206 899 2268 inira
918 2214 1103 2287 repetemus3
1124 2206 1231 2269 deinde

159 2293 190 2353 in
212 2291 332 2353 Medeae
355 2300 384 2353 ct
405 2291 512 2372 Oedipi
535 2290 668 2353 versibus
690 2308 750 2351 non
775 2290 874 2352 multis
901 2292 1063 2371 fragmenta
1085 2292 1229 2372 rescripta

158 2376 351 2438 ambrosiana
374 2373 436 2453 (u),
458 2394 587 2456 quorum
609 2376 772 2456 scripturas
793 2375 934 2455 quasdam
955 2377 1071 2457 primus
1092 2376 1231 2439 indicarit

159 2461 348 2535 Ritscbelius‚
371 2479 427 2522 nos
449 2461 566 2541 plenam
582 2460 717 2522 notitiam
732 2460 865 2523 dabimus
887 2459 1069 2524 Guilelmi
1092 2462 1230 2524 Stude·

160 2547 270 2608 mund
285 2546 428 2608 beneficio
441 2547 562 2625 insigni.
590 2547 675 2608 cuius
688 2562 756 2625 erga
768 2547 910 2608 Senecam
923 2547 1047 2627 eiusque
1062 2555 1091 2609 et
1104 2545 1230 2609 lectores

160 2641 188 2693 ct
210 2631 353 2693 editorem
376 2639 434 2692 tam
456 2649 606 2713 propensa
627 2630 762 2693 voluntas
784 2641 855 2706 erat,
877 2640 911 2694 ut
934 2632 1060 2695 solidum
1081 2631 1229 2711 fragmen-

159 2725 257 2778 torum
281 2715 399 2778 illorum
421 2717 626 2798 apographum
641 2735 694 2778 sua
709 2734 808 2791 manu,
830 2716 860 2776 id
876 2726 921 2778 est
934 2717 1038 2778 barum
1054 2734 1155 2778 rerum
1171 2716 1230 2777 boc

160 2820 229 2863 aevo
252 2802 439 2882 peritissima,
462 2804 631 2864 conlectum
653 2801 759 2863 litteris
773 2801 919 2863 insereret
932 2802 968 2862 ad
983 2819 1030 2863 me
1045 2800 1132 2875 datis;
1156 2819 1229 2880 quas

159 2887 230 2948 item
252 2887 323 2948 buic
345 2887 518 2967 praelationi
541 2886 688 2963 subiectas
710 2885 851 2947 invenies.
1006 2890 1009 2894 ’

246 2970 363 3051 Reliqui
385 2972 520 3043 codices,
550 2990 679 3052 quorum
707 2971 807 3033 nullus
835 2971 925 3031 altera
948 2969 1058 3031 saeculi
1079 2988 1126 3031 mv
1147 2977 1231 3051 parte

160 3058 302 3118 vetustior
325 3065 379 3131 est,
402 3075 507 3118 omnes
529 3058 564 3118 ad
587 3058 737 3137 exemplar
750 3056 786 3117 ab
800 3056 924 3135 antiquo
939 3055 1150 3136 interpolatore
1165 3055 1230 3117 data

160 3159 250 3221 opera
278 3149 486 3222 pertractatum
514 3142 650 3205 redeunt.
694 3140 914 3222 interpolatoris
943 3140 1028 3202 istius
1061 3141 1229 3217 lectionem,

160 3245 223 3288 nou
246 3234 393 3308 receptam
415 3226 542 3307 aliquam
565 3235 595 3289 et
615 3228 770 3307 vulgatam,
792 3226 887 3288 littera
902 3225 926 3288 A
941 3226 1111 3305 significavi.
1141 3245 1229 3306 quam

160 3322 240 3374 certa
268 3312 382 3374 ratione
411 3312 593 3375 constituere
621 3331 682 3373 uon
711 3311 822 3391 ubique
851 3311 1000 3374 concessit
1021 3311 1157 3374 codicum
1179 3311 1230 3373 de-

159 3396 305 3458 teriorum
333 3398 484 3473 condicio,
515 3405 549 3459 ut
578 3397 630 3478 qui
657 3398 812 3458 maximam
841 3404 954 3478 partem
981 3404 1011 3458 et
1039 3415 1075 3458 ex
1104 3396 1229 3457 lluusco

160 3482 285 3562 eiusque
311 3478 419 3544 familia
451 3483 577 3545 correcti
605 3490 635 3544 et
662 3482 802 3545 Italorum
831 3481 1010 3551 coniecturis
1040 3481 1142 3544 inlecti
1168 3499 1229 3543 non

160 3585 266 3647 puram
281 3567 444 3648 antiquitus
459 3567 652 3648 interpolatae
671 3566 807 3628 lectionis
822 3566 979 3646 imaginem
995 3566 1127 3628 reddant.
1158 3583 1229 3646 ergo

160 3670 228 3713 cum
251 3653 394 3733 inspectis
416 3652 566 3733 plerisque
589 3652 653 3714 eius
675 3652 792 3731 generis
807 3652 838 3714 in
854 3651 935 3714 ltalia
951 3650 1101 3713 codicibus
1118 3669 1230 3730 cogno·

159 3736 276 3814 rissem‚
299 3757 337 3800 ne
359 3756 466 3818 magno
488 3739 607 3818 quidem
629 3755 754 3799 numero
776 3737 895 3799 illorum
910 3754 1034 3799 excusso
1048 3735 1175 3799 multum
1195 3738 1230 3798 ad

160 3821 381 3903 interpolatoris
403 3841 522 3885 manum
552 3822 661 3886 certius
689 3841 778 3902 quam
799 3841 882 3884 nunc
906 3840 1026 3901 quoque
1047 3821 1111 3884 fieri
1132 3830 1231 3903 potest

161 3909 431 3971 demonstrandam
437 3911 603 3990 proiectum
625 3907 672 3984 iri,
688 3926 785 3987 neque
805 3908 836 3968 in
858 3925 894 3969 co
916 3907 1074 3987 quicquam
1097 3906 1231 3972 utilitatis

160 3993 288 4056 riderem
310 4002 345 4057 ut
366 4013 420 4073 per
442 3994 537 4057 varios
554 3992 770 4074 depravationis
784 3992 892 4073 gradus
907 3992 1112 4073 interpolatam
1127 3992 1229 4054 lectio*
