2648 4478
370 269 408 312 nn
429 268 622 312 nncnusnunrs
644 268 822 312 runcandus.
934 282 939 297 =
1117 256 1139 315 5

79 430 181 496 serunt3
202 427 235 482 ut
248 420 361 482 Phoen.
381 422 420 481 47
439 427 612 500 martemque
633 427 724 482 totam
737 423 830 500 recipe
847 420 973 483 admitte.
1003 421 1051 483 lll.
1073 423 1136 487 684

80 506 219 568 Maeander
239 505 326 566 uadis
342 513 422 566 emat
437 504 520 565 ludit.
559 504 629 564 Tro.
648 507 729 568 1166
744 508 842 567 amata
855 539 898 550 -
912 515 1020 587 repetat
1035 526 1139 570 secura

79 591 163 652 clmsic
176 610 227 671 pro
243 600 313 652 secet
328 599 431 650 contra
446 607 596 650 numeros.
627 589 735 650 accidit
757 590 844 651 etiam
866 599 899 651 ut
920 592 996 652 alius
1018 592 1137 670 generis

79 677 322 756 interpretamenta
335 673 469 737 versibus
490 673 740 748 adscriberentur,
763 682 797 735 ut
811 677 865 752 Ag.
882 676 944 739 932
967 681 1020 737 etat
1032 681 1137 741 timea-

80 761 138 822 dum
157 779 249 823 caecas
269 760 467 840 Agamemnon
479 759 595 820 daeetd
617 759 776 821 timendam
797 760 867 840 pald
886 764 924 821 st't
939 761 991 840 dp.
1015 763 1091 824 docet
1112 761 1142 822 Ε

80 846 131 908 976
142 850 227 908 iustae
234 849 353 926 peracti
372 848 443 906 satta
458 843 561 905 latet
570 863 600 923 p.
612 844 675 905 att
694 844 768 923 Thy.
782 846 843 906 907
860 848 999 907 miseram
1014 851 1137 920 (atram)

80 931 162 993 aldem
180 931 255 992 nala.
287 930 357 990 Tro.
375 931 435 995 135
451 929 494 990 bis
511 928 629 1010 pulsari
647 930 743 1005 (atate)
759 928 901 991 bardane
917 929 1006 992 Grada
1021 935 1138 994 mactata

79 1014 155 1091 sara.
190 1015 287 1095 qualia
309 1033 378 1076 cum
398 1014 429 1074 in
451 1013 714 1094 interpolationum
736 1032 862 1076 numero
877 1014 923 1076 vix
940 1015 1072 1078 habenda
1094 1017 1137 1076 vi-

80 1099 197 1178 deantur,
220 1100 362 1180 quaedam
377 1109 476 1161 tamen
496 1099 690 1163 inveniuntur
711 1118 787 1179 quae
801 1099 957 1177 releganda
972 1108 1043 1162 sunt
1056 1101 1138 1162 unde

80 1185 167 1246 malam
190 1186 296 1266 pedem
324 1184 499 1245 intulerunt.
544 1184 587 1246 sic
607 1183 715 1245 Phaed.
737 1187 799 1248 264
826 1183 905 1246 baud
930 1189 1079 1266 paiapuam
1099 1187 1139 1247 ad

80 1274 154 1331 altam
163 1271 248 1349 facile
261 1274 491 1351 reaeceaa‘patest
501 1286 605 1330 versus
619 1268 815 1349 interpolatus
829 1268 928 1330 exulat
938 1270 970 1331 in
985 1270 1138 1351 plerisque

80 1354 230 1434 interpolati
253 1354 371 1434 generis
392 1352 560 1424 codicibus;
583 1372 640 1414 nec
655 1353 728 1434 Thy.
744 1356 806 1418 389
828 1356 895 1431 (reat
912 1365 953 1416 eat
974 1361 1026 1436 put·
1044 1359 1139 1436 captet

21 1484 23 1517 ,
80 1438 149 1515 aild)
167 1439 202 1501 ab
217 1439 242 1501 Α
257 1438 372 1501 alienus
392 1439 476 1499 video
496 1457 554 1518 qua
574 1440 689 1501 ratione
708 1458 776 1502 cum
796 1440 988 1503 antecedente
1010 1444 1078 1518 (rem
1097 1450 1137 1503 eat

21 1574 22 1577 ,
81 1528 121 1602 pai
142 1530 237 1587 maaet
264 1524 349 1595 atad)
378 1523 530 1587 conciliari
559 1523 662 1602 possit.
707 1525 835 1604 denique
861 1542 923 1585 uno
945 1525 1048 1587 saltem
1070 1526 1136 1586 loco

21 1630 22 1639 ¹
82 1609 177 1685 accidit,
190 1618 223 1671 ut
234 1609 312 1671 varia
324 1608 411 1669 lectio
423 1626 460 1668 ex
473 1608 650 1688 interpolata
662 1608 791 1670 editione
803 1617 921 1689 sumpta
932 1618 961 1670 et
976 1610 1007 1670 in
1018 1611 1137 1671 Etrusci

21 1700 22 1703 ’
82 1693 219 1774 archetypo
234 1694 370 1755 adnotata
386 1692 531 1770 genuinae
551 1693 631 1760 vocis
648 1694 750 1755 locum
769 1693 919 1755 insederit.
956 1697 1058 1771 Agam.
1075 1697 1133 1757 741

21 1772 22 1785 ¹
82 1777 141 1839 haec
159 1786 227 1840 sunt
245 1778 374 1841 lurentis
388 1777 567 1840 Cassandrae
587 1777 675 1839 verba
696 1785 730 1839 ut
750 1778 782 1839 in
805 1777 987 1843 editionibus
1009 1779 1137 1843 circum·

83 1862 215 1925 teruntur:

264 1950 333 2029 quid
345 1965 390 2009 me
404 1952 510 2011 cacata
530 1950 664 2028 sospitem
678 1946 769 2010 salam
783 1966 797 2009 e
810 1953 889 2027 mma,

264 2034 384 2094 umbrae
397 2029 550 2094 mearum?
584 2043 610 2094 te
623 2050 733 2112 aequor,
757 2043 816 2095 tota
826 2044 913 2113 pater

269 2116 355 2180 Traia
368 2117 487 2198 cepalta.
519 2117 614 2195 frater
628 2117 776 2179 acuitatem
791 2116 939 2197 Pbrppam
960 2137 985 2179 e.
1003 2136 1031 2195 q.
1048 2137 1071 2178 s.

21 2204 23 2277 l
82 2201 119 2261 sic
138 2202 247 2265 codices
265 2203 416 2281 vulgares,
442 2213 649 2281 praeterquam
667 2202 748 2281 quod
765 2203 903 2264 nonnulli
925 2221 993 2264 cum
1010 2203 1136 2265 Etrusco

85 2282 157 2347 Traia
169 2287 270 2368 sepulte
292 2288 406 2366 legunt.
439 2305 539 2366 neque
553 2294 631 2349 esset
653 2305 707 2348 cur
727 2287 905 2367 scripturam
925 2289 1012 2350 istam
1033 2286 1137 2369 repie-

83 2368 269 2447 benderemus,
287 2372 347 2434 nisi
361 2372 399 2432 ita
415 2371 488 2432 baec
503 2371 534 2433 in
549 2371 699 2451 Escripta
714 2380 828 2434 essent:

263 2491 307 2502 -
328 2456 447 2518 umbrae
460 2474 600 2519 mearam.
634 2461 711 2519 testis
724 2457 771 2518 vel
783 2466 843 2519 tata
854 2469 940 2538 pater

21 2608 22 2619 χ
334 2540 419 2603 Troia
433 2540 548 2621 sepulte.

21 2638 23 2697 p
85 2622 164 2683 statim
177 2633 296 2704 apparet
309 2626 355 2687 vel
368 2636 426 2687 tata
441 2626 549 2686 variam
563 2624 722 2687 lectionem
737 2644 802 2688 esse
817 2626 852 2687 ad
868 2630 946 2689 tectis
959 2626 1137 2706 adscriptam

21 2706 22 2761 l
85 2706 146 2768 etin
158 2709 311 2772 verborum
325 2718 496 2772 contextum
511 2708 584 2772 falso
599 2711 729 2798 inlatam,
747 2712 827 2772 unde
842 2711 963 2791 expulit,
987 2712 1067 2790 quod
1086 2729 1137 2789 ge-

21 2804 22 2875 }
84 2792 190 2854 nuinum
211 2804 271 2872 est,
294 2804 321 2857 te
337 2814 448 2875 aequor.
481 2794 677 2874 interpolator
697 2813 766 2856 cum
786 2796 859 2857 baec
873 2795 975 2856 verba:
996 2806 1023 2857 te
1036 2813 1138 2875 sequor

21 2922 22 2925 ,
85 2882 145 2938 tatia
154 2888 233 2958 pater
251 2877 337 2941 Traia
350 2879 456 2960 sepulte
478 2890 618 2960 corrupta
632 2898 700 2942 esse
715 2880 835 2956 videret,
858 2897 941 2940 suam
958 2879 1055 2941 versui
1074 2897 1137 2943 me-

21 3006 22 3053 }
85 2958 160 3022 delam
172 2964 312 3027 adhibuit.
341 2973 370 3026 at
385 2964 488 3025 debuit
502 2965 560 3025 boc
575 2972 680 3043 poetae
697 2964 869 3025 restituere:

469 3061 496 3110 te
515 3068 617 3129 sapam
638 3053 725 3120 testis,
743 3058 837 3129 pater,

269 3132 371 3196 Taedae
392 3133 526 3213 aepaltae.

152 3215 380 3280 Haecleresunt
394 3218 425 3278 in
441 3218 550 3297 quibus
561 3218 720 3281 Etruscum
736 3217 837 3279 abillo
853 3235 958 3280 novem
973 3218 1137 3297 tragoedia-

85 3313 138 3359 run
150 3303 303 3383 exemplari
323 3302 410 3382 quale
432 3303 627 3383 interpolatae
649 3303 787 3364 editionis
809 3302 922 3365 auctori
944 3309 1012 3364 ante
1035 3301 1138 3363 oculos

21 3420 23 3461 α
84 3380 128 3443 luit
143 3385 329 3464 degenerasse
343 3387 568 3466 cognoscimus;
586 3388 617 3449 in
629 3387 739 3466 quibus
750 3405 818 3449 cum
829 3387 1075 3468 interpolatorum
1086 3405 1138 3447 co-

84 3464 163 3529 dicum
177 3490 231 3551 epe
246 3489 308 3533 non
324 3472 419 3551 possit
433 3473 539 3547 careri,
552 3472 656 3550 utique
671 3474 806 3552 sequitur
818 3472 1024 3552 interpolatam
1034 3470 1137 3535 lectio-

84 3568 138 3613 nem
150 3572 213 3617 cum
228 3556 355 3618 Etrusco
372 3556 597 3632 conferendam,
620 3574 767 3635 nusquam
788 3575 857 3618 vero
880 3556 916 3617 ab
930 3555 1050 3618 Etrusci
1073 3573 1138 3616 eor·

83 3639 187 3716 mptelis
200 3641 235 3702 ad
251 3640 414 3719 scripturas
428 3641 564 3721 vulgares
580 3641 812 3719 confugiendum
828 3659 904 3716 esse,
919 3640 978 3705 nisi
993 3659 1090 3703 veram
1106 3640 1138 3702 iu

84 3717 116 3780 tis
127 3735 222 3801 poetae
235 3743 358 3789 manum
373 3736 452 3789 certa
467 3725 581 3787 ratione
594 3726 759 3804 agnoveris.
785 3727 885 3806 itaque
899 3726 930 3787 in
946 3724 1139 3806 reciperanda

84 3820 109 3865 aa
120 3825 214 3871 novem
229 3809 446 3888 tragoediarum
460 3811 565 3888 forma,
587 3829 663 3890 quae
678 3812 884 3891 interpolatori
905 3811 996 3874 veteri
1018 3817 1137 3891 praesto

21 3914 22 3917 ¹
83 3900 145 3967 erat,
170 3894 274 3959 barum
300 3895 518 3973 tragoediarum
543 3896 678 3961 recensio
705 3896 882 3974 absolvitur3
912 3895 1037 3961 ulterius
1066 3894 1137 3975 pro·

21 4044 22 4047 ,
79 3988 201 4051 btuuro
215 3979 413 4047 emendatoris
428 3998 518 4060 opera
534 3980 722 4061 suscipienda
736 3989 790 4044 est.

789 4075 800 4099 0
