2652 4486
161 234 224 297 356
639 253 758 296 neruum

472 402 717 467 Puuuuucuvs

161 507 244 568 lussa
265 504 343 567 baud
367 503 519 566 morabor:
544 515 639 569 eastra
662 507 818 569 confestim
840 517 948 588 petam.

161 611 224 653 seu.
274 590 354 652 Nihil
377 591 407 652 in
430 590 618 672 propinquos
639 601 749 654 temere
772 593 914 656 constitui
936 593 1030 656 deret.
1208 608 1256 660 445

161 695 228 739 unu.
272 676 387 739 lustum
410 693 475 738 esse
496 676 582 738 laoile
605 686 651 739 554
672 678 720 740 oui
742 686 824 740 vaoat
846 688 950 760 pentus
971 690 1064 743 metu.

162 782 225 825 suu.
275 761 415 842 llagnum
438 760 552 824 timoris
573 762 737 825 remedium
760 762 915 826 clementia
937 774 992 826 554.

161 866 229 910 unu.
272 847 455 927 Extinguere
476 847 591 909 hostem
613 849 738 910 maxima
760 856 806 910 554
825 849 919 912 virtus
942 850 1037 912 duois.

162 952 226 996 sna.
274 932 398 996 Servare
420 932 498 995 cives
519 933 614 995 maior
636 941 681 996 est
702 934 814 1014 patriae
835 934 922 1014 patri.

162 1037 229 1081 usn.
273 1017 449 1100 Praecipere
470 1017 571 1080 mitem
595 1018 732 1082 convenit
752 1019 855 1099 pueris
876 1037 988 1081 senem.
1210 1035 1255 1085 445

163 1123 225 1167 seu.
275 1103 415 1184 Regenda
437 1102 530 1183 magis
553 1111 597 1166 est
618 1104 727 1166 fervida
749 1104 956 1167 odolescentia.

163 1208 229 1252 unu.
275 1190 377 1252 Aetate
399 1188 430 1250 in
453 1189 508 1250 bae
530 1200 574 1252 sat
597 1207 662 1251 5555
685 1189 802 1253 consilii
826 1207 904 1251 reor.

164 1293 226 1338 suu.
276 1274 312 1335 Vt
332 1275 408 1336 lacta
430 1273 532 1355 superi
555 1273 752 1355 comprobent
773 1293 892 1357 semper
914 1286 974 1338 tua.

164 1377 231 1422 unu.
276 1359 371 1422 Stulte
392 1359 526 1436 verebor,
549 1360 614 1441 ipse
637 1378 705 1422 oum
727 1360 841 1436 laoiam,
864 1360 944 1423 (loos.

164 1464 227 1507 snu.
277 1444 341 1508 lloo
362 1445 430 1525 plus
452 1464 554 1508 verere
577 1446 656 1526 quod
679 1445 750 1508 lioet
770 1453 886 1508 tuntum
907 1446 971 1508 tibi.
1211 1459 1257 1510 455

153 1542 232 1593 lrrrrrr.
276 1531 408 1593 Fortuna
431 1539 532 1607 nostra
555 1538 662 1594 cuncta
685 1531 829 1613 permittit
850 1531 932 1593 mibi.

165 1635 229 1678 ssu.
280 1616 372 1679 Crede
394 1615 572 1697 obsequenti
594 1616 729 1698 parolus:
752 1616 824 1679 lovis
847 1626 891 1679 554
913 1617 976 1679 455.

165 1717 232 1764 unu.
277 1701 383 1764 inertis
406 1709 451 1765 est
472 1702 588 1764 nescire
610 1702 681 1782 quid
703 1702 789 1764 lineat
811 1701 877 1765 sibi.

166 1807 228 1850 seu.
279 1787 312 1849 ld
334 1787 431 1849 lacere
453 1786 518 1848 laus
540 1795 585 1850 est
608 1787 687 1868 quod
710 1788 803 1863 (lecet,
827 1805 887 1851 non
911 1786 990 1867 quod
1013 1786 1092 1848 lieet.

166 1893 232 1935 uun.
278 1871 376 1935 Calcat
396 1872 540 1934 iacentem
562 1872 677 1952 vulgus.
721 1892 783 1935 suu.
828 1872 958 1935 invisum
982 1871 1139 1955 opprimit.
1210 1884 1256 1935 455

166 1979 234 2021 uun.
276 1958 402 2020 Ferrum
424 1965 526 2020 tuetur
548 1957 725 2039 prinoipem.
769 1977 832 2020 suu.
876 1957 982 2020 blelius
1002 1957 1085 2019 fides.
1210 1969 1257 2020 455

167 2063 233 2106 una.
277 2043 411 2106 Metuant
440 2061 561 2106 neeesse
590 2051 635 2106 554
663 2079 705 2089 -
776 2063 839 2106 sau.
890 2042 1040 2123 Quidquid
1068 2043 1256 2122 exprimitur

780 2146 867 2209 grove
890 2136 943 2189 est.
1211 2142 1256 2192 455

167 2232 234 2277 usa.
278 2212 431 2293 iussisque
453 2214 564 2275 nostris
586 2222 718 2294 pareant.
764 2233 826 2276 suu.
871 2214 949 2276 lusto
972 2214 1093 2293 impera.

166 2319 233 2362 unu.
278 2299 410 2361 Statuam
433 2298 507 2378 ipse.
552 2317 614 2361 seu.
660 2299 741 2371 Quae
763 2317 928 2362 consensus
951 2299 1058 2361 54445454
1083 2306 1159 2360 rata.
1211 2312 1257 2363 455

166 2404 234 2449 uren.
277 2383 476 2464 †l)espeotus
499 2384 579 2445 ensis
601 2383 696 2446 laeiet.
741 2402 804 2447 suu.
848 2383 912 2446 lloo
934 2384 1009 2446 absit
1030 2383 1124 2445 nelos.

167 2491 235 2534 nnn.
280 2473 326 2532 An
349 2468 445 2550 patiar
467 2467 544 2532 ultra
566 2469 743 2550 sanguinem
766 2478 901 2532 nostrum
925 2471 995 2551 peti,

167 2557 282 2620 inultus
304 2565 333 2617 et
355 2562 544 2634 contemptus
567 2563 600 2616 ut
621 2554 720 2617 subito
743 2553 915 2636 opprimar?

168 2641 252 2717 exilia
276 2658 337 2703 non
358 2640 475 2718 fregere
497 2649 661 2703 summotos
683 2640 786 2721 prooul

168 2727 305 2791 Plautum
327 2733 416 2805 atque
438 2724 559 2802 Sullam,
582 2726 718 2806 pertinax
740 2743 869 2806 quorum
891 2726 976 2786 luror
1210 2737 1255 2788 454

169 2821 262 2875 armat
282 2811 434 2873 ministros
457 2811 577 2874 sceleris
600 2812 630 2872 in
655 2810 774 2874 caedem
796 2829 901 2887 meam,

169 2898 336 2961 absentium
358 2914 426 2958 oum
447 2905 564 2958 maneat
587 2897 673 2959 etiam
694 2896 801 2975 ingens
822 2899 903 2958 lavor

170 2987 201 3047 in
224 2983 298 3046 urbe
322 2989 432 3057 nostra,
455 2982 507 3061 qui
528 2983 607 3043 levet
629 3000 697 3062 spes
720 2982 848 3044 exulum.

170 3069 314 3134 tollantur
335 3066 435 3129 bostes
458 3085 529 3129 ense
551 3066 682 3147 suspecti
704 3067 786 3142 mihi,

171 3155 264 3218 invisa
286 3152 418 3216 coniunx
439 3160 540 3233 pereat
562 3160 592 3214 et
615 3170 714 3215 earum
737 3152 793 3214 sibi

170 3242 290 3303 fratrem
313 3248 464 3318 sequatur.
509 3237 652 3317 quidquid
674 3237 824 3300 excelsum
846 3246 891 3299 est
912 3235 1005 3298 cudat.

171 3475 229 3514 usn.
265 3458 344 3511 lieret
361 3456 444 3510 timeri
462 3457 602 3510 Gaesarem.
639 3470 692 3509 555.
727 3453 761 3505 At
779 3453 837 3521 plus
856 3453 935 3522 diligi.
1214 3467 1253 3506 455

257 3667 305 3717 444
325 3659 477 3726 bustello)
530 3662 578 3713 447
598 3659 660 3713 sotis
678 3658 754 3711 codd.
774 3661 895 3710 oorroroit
911 3657 1056 3776 Muelloppua
1072 3656 1107 3743 'do
1125 3635 1157 3707 re
1175 3663 1255 3739 metm

171 3733 295 3865 555.
401 3727 659 3850 rariorem
676 3729 902 3850 55555
919 3725 998 3847 hut
1018 3725 1253 3860 ...555

173 3872 305 3933 respectus
322 3865 501 3917 Buecheler-ue
518 3863 665 3930 despectum
683 3863 798 3916 utensis
816 3863 908 3916 feriat?
926 3862 958 3913 de
977 3861 1160 3914 Wilamoroitz
1202 3865 1253 3917 464

173 3932 241 3985 ultro
261 3938 284 3983 ‹l›
352 3935 402 3986 463
420 3931 531 3985 invictus
549 3931 624 3983 codd.
643 3934 764 3985 eorronit
780 3930 979 3997 Ropboleogiuo
1047 3932 1097 3983 467
1117 3928 1254 3982 absentum

175 4000 229 4051 ΣΟ.
248 4028 280 4038 -
299 4000 330 4050 54’
349 4000 418 4052 furor
436 3999 458 4062 Q
475 4003 494 4050 i.
511 4015 591 4065 mg„
626 4003 673 4052 474
695 4004 793 4066 patrem
811 3999 837 4049 D
