2776 4476
591 221 749 265 AMLEGTA.

336 390 397 434 nan
416 390 461 433 me
481 372 597 452 fnqave't
618 373 710 436 lellr'ci
730 386 824 437 terror
846 375 900 452 clei,

336 468 363 519 et
384 455 533 519 Hectorem
554 476 615 521 aaa
635 459 713 522 salas
733 468 761 520 et
781 459 906 521 Martem
928 458 996 521 tali

337 539 464 603 Phoebea
485 561 536 605 nec
557 562 602 605 nae
624 544 679 606 tela
696 544 871 626 pepulerunt
891 544 994 624 qradn

337 646 402 689 cuna
424 626 585 708 renarras
606 633 675 691 istos
695 633 817 691 vicinias
838 662 881 675 -·
902 640 963 691 ceree
983 627 1139 692 horreum?

129 712 182 773 hic
203 713 280 774 llars
295 712 329 773 r.
345 714 407 777 548
430 712 505 774 male
527 713 673 793 repetitur
693 722 849 794 postquam
871 722 967 776 tatum
989 733 1015 774 v.
1032 718 1092 778 547
1112 713 1208 777 eidem

131 797 292 878 impendit3
316 798 422 859 deinde
443 816 505 860 ana
527 807 557 860 et
577 799 654 862 solus
676 799 776 879 inepta
798 807 885 874 suut,
908 817 976 860 nam
999 798 1153 862 dimicasse
1175 819 1208 861 se

131 901 201 945 cum
223 884 315 945 altero
338 890 406 943 utro
429 901 486 945 nec
508 882 579 946 dicit
600 902 657 945 nec
678 893 776 965 potest
793 883 907 946 dicere:
931 883 1075 962 gloriatur
1093 892 1206 947 antam

120 987 164 1030 se
186 967 303 1030 istisin
326 985 426 1047 pugna
447 968 653 1049 praesentibus
675 969 767 1031 aciem
790 987 852 1031 uon
875 968 1041 1048 reliquisse.
1080 970 1208 1049 denique

132 1055 195 1118 550
211 1072 276 1115 cuna
290 1051 451 1133 Plryqe'lns
465 1057 533 1124 estas
547 1058 669 1117 vicimus
679 1048 774 1118 ‘istos'
791 1054 862 1117 deos
880 1053 961 1130 uicit,
985 1054 1094 1117 llector
1108 1064 1207 1118 autem

131 1139 211 1198 iuter
232 1137 364 1218 Phryges
386 1148 440 1200 est.
483 1139 583 1218 itaque
604 1158 631 1202 r.
648 1141 710 1205 548
733 1140 811 1202 inter
833 1139 961 1202 Senecae
983 1158 1086 1210 versus
1107 1141 1207 1203 locum
1299 1147 1301 1150 ’

130 1223 242 1285 iniuria
263 1231 353 1285 tenet.

218 1309 288 1370 Tro.
313 1310 331 1372 8

337 1395 375 1456 ad
395 1396 477 1456 onias
498 1412 582 1455 arma
603 1397 681 1456 venit
702 1406 729 1456 et
750 1398 801 1475 qni
820 1394 962 1474 friqe’dano

336 1491 451 1560 reptem
476 1476 588 1540 Tanain
608 1497 661 1540 ora
679 1480 850 1559 pandentem
873 1478 949 1550 asoa,

337 1574 364 1625 et
385 1568 437 1644 qni
454 1574 588 1625 reanum
605 1566 722 1645 primns
742 1566 885 1644 mopiam
907 1565 980 1625 aliena

337 1650 463 1729 tepidam
484 1648 601 1711 anhenti
625 1647 725 1728 Tipria
747 1652 878 1711 inmiscet
897 1650 989 1728 freto,-

276 1735 315 1795 12
337 1745 365 1795 et
386 1752 457 1815 qaae
477 1752 565 1813 vapos
586 1737 681 1795 uicina
700 1738 876 1814 prospiciens
897 1732 1015 1814 Scytlras

336 1823 432 1899 ripam
453 1824 573 1881 mteruis
595 1817 743 1882 Ponticam
764 1820 859 1881 aidan
880 1820 960 1898 ferit,

336 1908 432 1966 ancisa
452 1905 534 1983 ferra
556 1915 612 1978 eon
634 1902 807 1984 Perpernam
829 1904 959 1967 incaluit
979 1902 1042 1965 sili.

131 1987 269 2050 Troianis
291 1987 412 2050 llecuha
438 1989 579 2051 auxilium
601 1988 705 2051 tulisse
727 1988 877 2069 praedicat
897 1988 1030 2050 Rhesum
1050 1985 1208 2049 Memnona

130 2071 363 2135 Penthesileam:
388 2073 519 2136 Rhesum
542 2073 622 2136 enim
644 2073 821 2154 intellegunt
843 2073 894 2152 qui
909 2072 1047 2135 Tanaidis
1064 2071 1145 2151 ripas
1160 2070 1207 2132 in·

132 2156 218 2218 colat.
263 2167 293 2220 at
319 2158 452 2238 quamvis
478 2159 662 2222 incuriosum
690 2158 883 2237 cognovimus
905 2157 1050 2231 Senecam
1072 2157 1208 2218 locorum

131 2241 217 2316 situs,
238 2243 297 2304 hoc
319 2253 415 2306 tamen
439 2244 563 2306 crimine
584 2243 745 2306 absolvitur
767 2243 884 2306 Etrusci
908 2261 965 2323 ope
980 2251 1010 2304 et
1024 2241 1207 2304 auctoritate.

133 2328 185 2406 qui
206 2328 344 2408 praehet:
1023 2402 1025 2409 Α
1195 2362 1197 2369 ·

338 2415 375 2476 ad
395 2418 477 2476 cuins
498 2432 582 2475 arura
603 2418 680 2476 uenit
702 2426 729 2476 et
751 2424 849 2496 qnae·
862 2413 1028 2493 friqidnm‘
1079 2469 1083 2474 .

336 2510 451 2579 septena
476 2497 588 2563 Tanain
609 2519 663 2562 oro
680 2501 852 2580 pandentem
875 2497 953 2569 bibit,

131 2584 262 2644 amaon
290 2583 420 2658 scilicet,
448 2583 534 2645 cuius
561 2584 622 2646 illic
651 2583 800 2665 legitimus
826 2583 910 2644 locus
932 2590 987 2644 est.
1031 2582 1117 2644 cuius
1140 2598 1208 2642 cum
1286 2612 1289 2617 ·

131 2667 240 2728 iterum
267 2668 380 2732 mentia
408 2669 459 2731 liat
480 2687 506 2729 v.
531 2671 579 2733 12.
607 2671 659 2745 13,
689 2669 745 2730 hos
774 2686 875 2730 versus
903 2667 1022 2747 spurios
1048 2684 1113 2728 esse
1135 2684 1208 2727 con·

131 2763 308 2814 seutaneum
330 2763 375 2815 est
397 2763 426 2815 et
447 2755 639 2816 confirmatur
660 2753 749 2815 verbo
773 2753 853 2834 quad
867 2752 1003 2831 sequitur
1017 2755 1113 2815 enaim
1126 2751 1207 2829 ferra

131 2848 181 2899 ea.
220 2837 300 2916 qnod
323 2838 391 2918 quia
414 2838 497 2900 nulla
519 2839 607 2900 modo
630 2847 664 2900 ut
685 2857 767 2900 nunc
787 2838 895 2916 legitur
910 2836 945 2897 ud
960 2835 1078 2897 Troiam
1093 2834 1207 2911 attinet,

131 2921 186 2983 sed
206 2921 311 3002 utique
332 2923 368 2984 ad
384 2925 572 3000 Amazonem,
595 2923 761 2987 Gronovius
782 2922 854 3002 legit
868 2921 1058 2999 tranferre
1077 2931 1117 2982 est
1136 2918 1209 2981 Per-

130 3025 258 3086 pernam.
302 3009 432 3071 incoluit
457 3008 522 3070 n‘ln'.
559 3009 612 3071 sed
639 3010 677 3070 cl.
700 3011 754 3088 hg.
777 3009 836 3070 421
869 3005 1041 3086 Perpennam
1069 3023 1152 3068 omne
1179 3014 1208 3067 et

131 3109 225 3171 supra
245 3110 276 3171 p.
292 3093 343 3156 90.
381 3101 470 3156 restat
492 3111 520 3155 r.
538 3097 574 3156 11
599 3101 680 3155 recte
702 3094 739 3154 de
753 3092 912 3154 Memnone
934 3091 1029 3152 dictus
1043 3091 1094 3168 (ci.
1110 3089 1207 3152 Strah.

131 3194 162 3256 p.
186 3177 279 3254 728),
308 3178 360 3239 sed
389 3179 461 3241 duas
484 3162 528 3239 hh
550 3179 680 3241 mhones
706 3177 923 3258 ineptissimus:
952 3177 1081 3256 primum
1103 3175 1207 3254 'l'igriu

130 3260 207 3322 mari
227 3261 320 3323 ruhro
342 3264 438 3345 excipi
460 3263 596 3326 audimus
610 3297 652 3337 -f-
668 3263 748 3343 quod
770 3263 893 3324 ferimus
915 3261 941 3323 si
964 3261 1114 3340 cogimur3
1138 3260 1207 3322 rlein

131 3346 268 3425 Assyrios
282 3348 365 3430 ipsos
378 3348 490 3411 humen
502 3349 576 3411 mari
587 3348 755 3423 inmiscere,
771 3348 962 3428 qualenemo
974 3364 1113 3426 umquam
1125 3345 1207 3407 dixit.
1243 3354 1245 3361 ’

131 3430 244 3494 Seneca
260 3432 368 3494 dixisse
383 3433 512 3496 ridetur:
528 3435 655 3515 reptatam
668 3434 785 3496 talenti
802 3431 901 3513 llqria
914 3434 1043 3494 inmiscet
1058 3450 1167 3494 mero.

216 3516 330 3580 Phoen.
353 3519 395 3584 98

697 3606 748 3685 qni
768 3607 841 3684 capit
860 3605 939 3664 mori

337 3687 479 3751 mantem
508 3692 540 3750 in
564 3706 653 3770 oeqno
675 3699 717 3769 est
737 3694 838 3770 quique
855 3697 1058 3769 properantem
1079 3685 1207 3765 incpedit.

337 3774 461 3836 academ
482 3786 522 3837 est
544 3784 640 3836 uetare
661 3777 820 3854 capientem
841 3777 926 3834 mori.

338 3876 390 3919 aee
411 3870 507 3923 tamen
528 3863 561 3920 r'n
582 3876 672 3940 aequo
693 3870 750 3920 est.-
775 3858 899 3921 alterum
920 3859 1039 3938 provin
1059 3873 1143 3918 reor.-

335 3942 412 4005 malo
435 3948 578 4024 imperare·
597 3962 684 4024 mam
705 3948 781 4024 eripe·
799 3953 919 4006 mortem
940 3941 1021 4004 milei.

181 4033 226 4090 Issa
239 4048 376 4092 cossam
389 4050 535 4102 tnaoeatis,
637 4061 639 4065 ¹
975 4042 1007 4092 14
