2648 4478
167 201 186 265 8
475 213 728 261 555555555555555
750 214 928 257 5555555555.

166 368 210 430 sic
224 367 291 428 libri
312 366 448 446 vulgares
469 375 549 427 recte
572 383 639 426 cum
654 364 701 437 M,
697 387 704 402 ·
720 363 799 427 dolce
818 376 973 428 mancones
986 383 1135 428 resonares
1148 377 1259 446 555555
1320 344 1321 365 ¹

166 454 193 515 E
212 451 292 514 dolce
306 451 436 514 lomentis
451 461 476 512 ct
490 461 646 512 moerentes
659 468 793 512 resonare
806 460 902 530 pentes
924 450 961 511 N.
1320 470 1321 473 ¹

209 557 310 637 rigam.
330 556 389 618 173
412 552 493 613 Aulis
507 550 576 613 AM
587 551 644 614 olio
659 551 723 612 EM
732 571 759 612 o.
777 551 796 612 t
825 552 906 613 Antis
923 552 982 613 5155
998 552 1036 612 N.

328 639 388 702 507
413 640 555 698 arscessat
569 636 655 698 molis
669 636 754 697 ΕΜ
741 656 773 697 an
787 655 900 716 magnos
914 637 999 698 nectos
1013 637 1074 698 ΑΜ
1085 658 1112 699 5.
1129 638 1148 699 l.

414 740 463 783 ors
477 726 509 783 in
522 726 636 800 magnis
650 721 736 782 molis
749 721 786 781 Ν

328 810 386 870 551
408 806 581 887 pepulerunt
592 807 686 885 produ
700 805 727 866 E
740 810 788 877 (ex
804 807 877 880 549)
892 809 971 867 mitti
983 807 1139 869 55555551

412 895 493 953 mitti
504 892 606 952 dentre
620 893 713 970 produ
728 889 806 950 MN.

259 988 312 1049 no
330 991 391 1053 oss
415 990 497 1052 comt
512 988 629 1067 Apono
643 987 837 1067 supeant
852 987 890 1048 n.

166 1088 213 1149 his
228 1086 371 1165 exemplis
386 1085 456 1147 satis
472 1092 608 1146 constare
631 1084 730 1160 credo,
753 1084 948 1165 comparanda
968 1083 1094 1146 duorum
1117 1105 1251 1167 apogra-

167 1172 296 1252 phorum
313 1171 441 1233 lcctione
462 1169 593 1231 codicem
615 1169 808 1251 archetypum
830 1170 869 1230 ita
891 1170 1017 1244 restitui,
1041 1181 1074 1231 ut
1095 1190 1133 1233 ne
1156 1172 1250 1233 intri-
1320 1236 1321 1251 5

167 1256 327 1318 catioribus
341 1255 461 1335 quidem
477 1255 549 1315 locis
564 1253 689 1315 dubitari
711 1255 815 1334 possit,
838 1253 910 1332 quid
932 1255 963 1316 in
987 1257 1137 1317 communi
1160 1258 1250 1317 sonte

167 1341 303 1403 extiterit.
341 1341 473 1403 codicem
487 1341 625 1402 Σ5515555
648 1338 718 1400 olim
740 1338 933 1418 comprobare
953 1340 1052 1401 studui
1074 1360 1109 1402 ex
1124 1340 1249 1402 Etrusci
1320 1364 1321 1407 ;

167 1427 327 1506 archetypo
342 1433 371 1487 et
385 1425 484 1505 ipsum
499 1424 639 1504 pendere.
672 1442 731 1503 qua
746 1423 782 1484 55
796 1442 829 1484 55
846 1424 970 1504 primam
992 1424 1064 1486 mibi
1086 1425 1248 1488 dubitatio·
1320 1434 1321 1437 ’

167 1530 235 1572 nem
250 1510 353 1572 iniecit
367 1510 486 1571 Etrusci
501 1528 569 1571 cum
583 1508 635 1570 illo
650 1509 681 1569 in
697 1508 904 1570 minutissimis
919 1527 1039 1588 quoque
1057 1511 1147 1572 rebus
1170 1529 1247 1571 con-

167 1613 273 1657 sensus
288 1595 380 1657 multo
402 1594 587 1674 frequentior
608 1611 695 1673 quam
720 1611 755 1654 cx
777 1593 895 1673 Peiperi
917 1601 946 1654 et
960 1593 1048 1655 Richt
1036 1594 1091 1655 teri
1114 1596 1249 1657 editione

167 1680 307 1760 cognosci
329 1686 445 1778 poteret
466 1680 578 1740 actore
596 1685 746 1739 constans.
776 1695 864 1756 quem
879 1686 977 1740 tamen
996 1679 1030 1739 ad
1054 1698 1247 1741 communem
1320 1682 1321 1769 5

169 1783 289 1845 quoque
305 1765 449 1844 originem
466 1764 641 1844 plerumque
657 1782 689 1824 re
691 1763 761 1823 lerri
781 1781 870 1843 posse
886 1770 980 1842 patet,
1002 1782 1180 1845 quamquam
1195 1783 1247 1827 re·
1320 1746 1321 1843 5

167 1849 318 1912 55155555
333 1849 492 1946 exemplari
508 1849 618 1909 eisdem
634 1847 742 1927 quibus
756 1847 901 1909 Etruscus
918 1847 995 1909 vitiis
1018 1859 1147 1911 scatente
1169 1849 1248 1911 nihil
1320 1846 1321 1933 5

167 1933 311 1995 iuvamur.
345 1934 468 1995 omuino
484 1940 581 1994 autem
597 1932 633 1993 de
648 1938 707 1993 tam
723 1931 879 1993 subtilibus
895 1950 951 1993 nec
969 1951 1036 1993 raro
1051 1934 1221 2013 ambiguis
1212 1954 1247 1996 55
1320 1942 1321 2023 5

167 2018 223 2080 hac
237 2018 411 2099 quaestione
425 2017 584 2079 momentis
599 2016 705 2096 agitur,
726 2026 760 2079 ut
781 2016 954 2096 explicatius
977 2019 1186 2117 exponendpm
1200 2021 1247 2080 vi·
1320 2032 1321 2089 l

168 2104 271 2165 deatur
291 2122 349 2183 qua
369 2104 484 2165 ratione
505 2101 623 2164 Etrusci
648 2101 792 2243 gemellus
812 2101 847 2163 ab
870 2102 1000 2163 eiusdem
1023 2105 1166 2183 progenie
1182 2104 1247 2166 dis·
1320 2100 1321 2155 l

168 2189 250 2251 cerni
268 2196 365 2267 queat

253 2281 340 2352 atque
354 2273 507 2334 universas
523 2271 676 2333 5555555Σ
676 2270 759 2345 ,5555
774 2234 865 2333 mavis
880 2270 1015 2332 codicum
1032 2272 1067 2333 Μ
1079 2279 1108 2332 et
1121 2271 1173 2333 N
1165 2280 1248 2334 mter

167 2376 200 2421 se
212 2365 447 2440 comparatorum
460 2357 633 2437 scripturas,
646 2373 730 2417 veras
741 2356 899 2437 salsasque,
914 2357 953 2416 ita
966 2356 1124 2437 disponere
1135 2375 1246 2454 possu-
1320 2356 1321 2363 ’

167 2462 245 2518 mus,
267 2452 300 2505 ut
313 2442 444 2523 primum
459 2443 495 2503 de
511 2441 621 2503 codicis
636 2442 665 2501 Σ
678 2459 745 2501 cum
761 2441 790 2501 E
807 2450 909 2503 contra
924 2440 958 2516 Α,
980 2441 1085 2503 deinde
1107 2442 1142 2504 de
1164 2442 1246 2504 eius·
1320 2452 1321 2513 l

168 2529 233 2590 dem
256 2547 324 2590 cum
345 2527 529 2589 AcontraE
549 2544 713 2601 consensu,
735 2525 863 2606 denique
884 2525 920 2586 de
939 2527 1070 2607 propriis
1090 2526 1200 2588 codicis
1217 2530 1249 2588 Σ
1320 2530 1321 2541 ’

168 2612 323 2692 scripturis
338 2630 467 2691 agamus.
501 2612 631 2691 primum
646 2610 738 2689 igitur
752 2629 827 2689 quae
842 2629 910 2673 cum
925 2609 1132 2673 Ecommunia
1156 2611 1247 2673 habet
1320 2626 1321 2689 5

166 2700 229 2760 1555
245 2699 342 2758 omnia
364 2697 399 2757 55
421 2714 609 2758 communem
631 2695 743 2756 sontem
763 2697 869 2757 referri
889 2713 978 2774 posse
999 2696 1134 2771 diuinae,
1157 2696 1245 2758 ctiam
1320 2692 1321 2729 ³

166 2783 362 2844 minutissima
377 2800 523 2861 quaeque,
538 2779 737 2844 uellentne
753 2793 880 2843 coecatus
893 2797 949 2861 pro
965 2785 1075 2853 citatos,
1094 2782 1155 2845 865
1170 2800 1253 2861 555-5

168 2872 282 2931 ticicnm
296 2886 351 2948 pro
366 2870 555 2947 ponponium,
576 2866 638 2928 969
654 2865 812 2945 relincuere
826 2884 881 2946 pro
896 2865 1073 2946 relinquent,
1095 2867 1139 2928 vel
1154 2884 1245 2945 quam

166 2953 292 3014 maxime
303 2953 435 3032 propria,
452 2959 484 3013 ut
496 2952 527 3013 in
538 2948 673 3011 versibus
685 2949 894 3012 distribuendis
907 2967 1023 3012 errores
1036 2949 1109 3012 Oed.
1123 2953 1184 3013 474
1198 2970 1244 3031 sq.

167 3037 237 3097 Tro.
254 3038 316 3099 492
332 3044 362 3097 et
377 3036 492 3097 similia.
525 3035 603 3097 idem
626 3035 662 3095 de
683 3035 725 3095 cis
747 3053 867 3114 quoque
889 3035 1028 3096 contendi
1048 3043 1147 3117 potest
1167 3054 1245 3115 quac

168 3140 203 3182 ex
224 3120 402 3200 corruptelis
424 3120 455 3181 in
477 3120 604 3181 Etrusco
625 3120 866 3199 comparentibus
887 3120 980 3199 magis
1001 3121 1155 3201 depravata
1178 3138 1245 3181 esse

167 3214 296 3280 constat;
319 3213 353 3267 ut
374 3205 520 3268 ’155167
541 3205 620 3266 edoce
634 3203 663 3263 E
677 3213 703 3264 ct
718 3205 782 3266 doce
798 3204 835 3263 Μ
851 3204 1009 3284 (reduces).
1046 3209 1124 3269 1911
1151 3205 1245 3267 lenius

167 3290 296 3355 Eleoius
310 3292 339 3351 Σ
353 3289 501 3370 (lentius).
533 3292 612 3352 1121
638 3289 794 3351 5555511555
808 3288 993 3352 Etnmntnno
1009 3289 1038 3350 N
1053 3290 1244 3370 (tnmnlnno).

166 3366 586 3456 Ρ15555.28Υ5’55551555Ν
602 3374 682 3455 filim
703 3373 738 3434 Μ
750 3374 917 3492 (Plplpens).
945 3372 1019 3465 955.
1036 3376 1098 3438 829
1116 3379 1244 3455 petitore
1320 3416 1321 3451 5

166 3503 194 3566 E
202 3508 333 3583 perituro
345 3501 381 3562 M
394 3501 545 3582 (petitor).
566 3501 642 3563 Med.
655 3503 717 3565 913
739 3506 851 3565 coitum
868 3502 1018 3565 Ecoitnon
1030 3502 1062 3562 N
1074 3502 1244 3582 (coritium).
1320 3508 1321 3551 f

166 3587 221 3650 ΗΟ
240 3589 321 3652 1098
341 3598 443 3666 porcat
457 3586 594 3666 Eporeot
609 3587 637 3647 Σ
650 3586 805 3665 (Peneos).
842 3589 922 3651 1443
938 3588 1068 3667 offlanot
1081 3586 1108 3647 E
1121 3587 1245 3667 efflauit
1320 3642 1321 3645 ,

167 3673 199 3735 N
211 3674 313 3753 affluit
328 3670 364 3731 Μ
378 3671 546 3751 (efflabat).
580 3672 660 3733 1448
683 3670 773 3733 illeli
787 3671 838 3732 illo
853 3675 882 3734 Σ
895 3672 1023 3751 (Hylle).
1056 3672 1137 3735 1975
1160 3672 1245 3733 discet

158 3757 223 3825 ,EN
243 3758 361 3820 discedet
380 3754 416 3815 Μ
435 3755 553 3836 (decet).
596 3755 651 3816 alia
672 3772 741 3817 vero
763 3757 889 3818 eundem
910 3757 1086 3837 explicatum
1109 3775 1171 3818 non
1192 3757 1244 3817 ad·

166 3843 297 3916 mittunt.
323 3858 391 3903 nam
407 3850 488 3903 certo
500 3841 626 3919 quodam
639 3841 874 3920 corruptelarum
886 3860 996 3921 genere
1007 3840 1125 3905 Etrusci
1140 3840 1243 3902 arche-

167 3934 271 4004 typum
286 3925 429 3986 discimus
444 3935 473 3988 et
486 3923 658 3986 maiusculis
672 3923 778 3986 litteris
793 3933 823 3987 et
839 3926 936 3988 verbis
957 3926 1036 3988 inter
1056 3944 1088 3986 se
1110 3924 1243 3993 noudum
1320 3922 1321 4005 l
