2686 4482
432 296 470 338 ns
490 295 677 338 reasonunuu
698 295 791 340 noris.
1107 282 1155 346 85·

95 463 158 525 puae
182 444 364 507 consuetudo
394 446 430 507 ad
451 444 601 513 Romanos
629 447 690 508 non
716 446 867 508 transiisse
890 446 1015 521 ridetur,
1046 468 1149 528 quanm

96 531 218 608 quanin
239 530 458 592 recentioribus
479 530 563 593 libris
584 532 663 593 haud
684 550 752 593 raro
774 550 917 611 personas
938 533 1045 594 mutari
1060 534 1149 611 signo

95 616 210 694 adposito
237 615 397 677 indicatur,
449 616 555 677 diversi
587 617 667 679 enim
695 616 787 677 moris
815 625 895 678 certa
922 617 1042 696 vestigia
1070 621 1151 697 apud

94 700 208 763 commas
222 708 340 762 serrata
362 709 441 762 sunt.
476 701 596 762 exiliora
619 701 739 780 quidem
761 701 792 762 in
814 700 929 776 Plauto,
951 703 1036 765 cuius
1059 723 1075 765 e
1097 722 1150 765 co·

93 785 192 846 dinibus
212 793 326 846 tantum
348 784 504 847 Camerarii
526 793 610 848 retus
632 786 823 848 vetustiorem
845 788 1090 850 consuetudinem
1105 796 1149 850 te·

91 871 147 931 nuit
172 866 307 946 (Ritschl.
330 870 418 949 proli.
440 871 471 932 in
494 870 577 932 Trin.
600 891 630 950 p.
656 871 705 932 LV
727 874 795 950 sq.).
843 879 872 931 at
898 871 1015 950 plenam
1045 883 1074 934 et
1102 875 1149 935 in-

91 966 246 1034 corruptam
275 955 382 1017 vetusti
410 955 503 1017 moris
530 956 687 1033 imaginem
710 955 841 1017 Terentii
867 956 983 1018 codices
1006 958 1149 1036 praebent

88 1040 236 1103 hulmus
266 1048 296 1101 et
324 1041 377 1118 qui
406 1041 553 1117 genuinae
573 1041 757 1102 recensionis
780 1040 976 1121 Calliopianae
999 1043 1147 1121 exemplar
1232 1037 1234 1043 ’

88 1135 126 1187 cst
145 1124 331 1189 Victorianus
353 1124 425 1186 bibl.
441 1125 580 1189 Laurent.
597 1128 650 1199 38,
672 1129 714 1188 24
736 1126 784 1200 (cl.
809 1126 845 1187 de
867 1125 991 1188 Parisin.
1012 1129 1093 1191 7903
1116 1146 1148 1188 a:

86 1209 181 1271 Philol.
197 1208 305 1270 XXXII
327 1229 358 1289 p.
375 1212 438 1274 446
453 1213 519 1290 sq.).
550 1210 627 1274 hanc
650 1211 728 1272 enim
751 1210 794 1272 illi
810 1212 842 1272 in
857 1212 995 1291 personis
1013 1213 1153 1274 notandis

87 1295 170 1373 legem
192 1302 338 1357 secuntur
358 1305 392 1356 ut
410 1294 441 1355 in
457 1295 582 1374 singulis
597 1296 712 1357 scaenis
727 1313 872 1374 personae
887 1296 1022 1375 singulae
1037 1297 1150 1375 graecis

87 1379 180 1441 litteris
195 1386 458 1458 repraesententur
476 1398 549 1460 quas
564 1399 688 1442 scaenae
702 1381 790 1442 index
805 1381 977 1442 nominihus
989 1382 1151 1462 adscriptae

87 1466 166 1527 refert
187 1462 346 1542 verbisque
368 1464 554 1541 singulorum
576 1465 688 1545 ubique
709 1465 847 1527 librarius
869 1467 1013 1545 praefigit.

160 1549 191 1610 id
219 1567 401 1611 memorasse
430 1551 500 1611 satis
527 1559 606 1613 esset
634 1550 691 1617 uisi
720 1551 757 1610 de
778 1550 884 1611 litteris
905 1550 963 1611 illis
986 1551 1150 1612 doctrinam

86 1634 224 1713 quandam
253 1633 463 1713 speciosiorem
493 1635 548 1696 riri
576 1635 654 1697 docti
683 1634 878 1714 protulissent
907 1653 982 1713 quae
1013 1636 1070 1696 iam
1093 1635 1152 1696 nisi

86 1718 160 1780 lallor
182 1738 199 1780 a
221 1718 375 1799 plerisque
389 1737 446 1798 pro
462 1729 541 1782 certa
555 1719 682 1782 hahetur
696 1727 725 1781 et
739 1719 898 1798 explorata.
929 1718 1057 1780 coniecit
1071 1721 1151 1780 onim

86 1802 258 1866 Ritschelius
280 1804 378 1884 (proll.
402 1804 484 1868 Trin.
506 1805 526 1865 l.
546 1808 583 1879 s.)
601 1801 729 1884 ‘praeces
750 1804 859 1867 littores
880 1803 947 1866 illos
968 1822 1027 1865 non
1049 1806 1151 1866 distin·
1186 1881 1190 1886 .

85 1891 194 1968 pende
216 1900 331 1953 tentum
353 1889 448 1970 elr'peo
462 1890 605 1954 sortiendi
618 1891 781 1971 compendio
792 1893 924 1968 pmsorris
938 1893 1086 1961 immolre,
1104 1890 1154 1950 sed

18 2046 19 2063 χ
86 1976 119 2037 ud
136 1986 271 2038 cetorum
284 1976 515 2056 operatoremque
529 1975 700 2054 sedulorum
714 1974 863 2037 comitium
878 1985 962 2056 etque
979 1985 1153 2055 apparatum

85 2071 218 2139 putore:
241 2064 284 2121 ite
305 2061 418 2140 paidom
438 2072 472 2122 et
493 2080 564 2141 quae
582 2072 680 2140 portes
701 2071 767 2141 prot
788 2071 814 2122 et
835 2078 959 2139 quorum
979 2058 1153 2121 histrionum

84 2145 197 2223 smum,
221 2146 337 2207 totidem
359 2145 523 2208 litterarum
543 2150 619 2207 notis
635 2135 813 2208 declaretur.
844 2162 933 2222 quam
951 2145 1153 2205 coniecturam

85 2229 124 2293 ria
150 2248 185 2291 ac
212 2229 328 2291 ratione
357 2230 508 2310 persecuti
531 2230 678 2293 Steffenus
701 2232 778 2305 (Act
799 2229 879 2308 Lips.
903 2228 930 2289 ll
957 2247 988 2308 p.
1014 2231 1074 2292 too
1096 2230 1152 2307 sq.)

87 2315 165 2377 uab
188 2333 224 2375 eo
248 2315 279 2376 in
303 2315 428 2394 singulis
449 2322 565 2377 tantum
586 2315 763 2377 dissentiens
779 2314 944 2393 Wagnerus
959 2315 1003 2391 (in
1016 2313 1157 2376 Bursiani¹

18 2432 20 2441 >
86 2399 177 2461 actisl
200 2419 232 2479 p.
249 2402 313 2463 445
327 2403 385 2479 sq.)
408 2400 591 2462 incredibilia
613 2418 738 2481 prorsus
760 2407 788 2461 et
803 2399 891 2460 inrita
911 2399 1061 2479 protulere
1077 2414 1153 2477 quae

19 2500 20 2503 ’
87 2492 112 2547 et
131 2484 213 2564 ipsos
235 2493 310 2563 puto
331 2485 550 2564 improbatores
567 2485 659 2547 luisse
675 2485 701 2546 si
717 2484 833 2546 codices
847 2485 998 2565 inspicere
1011 2482 1153 2544 licuisset.

87 2588 155 2647 qnae
184 2569 280 2632 relelli
308 2569 414 2633 melius
443 2589 504 2632 non
535 2579 676 2650 poterunt
701 2588 790 2650 quam
811 2588 844 2630 re
866 2570 931 2649 ipsa
953 2569 1080 2631 breviter
1103 2586 1153 2628 ex·

87 2654 184 2733 posita.

164 2732 196 2801 in
219 2737 343 2800 Terenti
365 2738 455 2817 igitur
476 2739 621 2801 Bembina
647 2747 677 2800 et
697 2739 866 2800 victoriano
889 2737 996 2808 (Plauti
1019 2736 1154 2797 Veterem

86 2822 136 2888 hac
148 2823 187 2885 de
201 2843 237 2885 re
252 2823 410 2887 consulere
425 2824 553 2903 neglexi)
573 2824 711 2886 librarius
726 2823 846 2884 nomina
861 2821 977 2883 scaenis
992 2820 1154 2899 inscripsit,

87 2908 132 2971 sed
153 2909 185 2969 in
208 2908 359 2971 mutandis
381 2909 518 2988 personis
530 2905 633 2989 'spatia
654 2917 768 2972 tantum
790 2906 973 2985 singularum
991 2905 1157 2966 litterarum

87 3011 169 3057 vacua
197 2993 331 3072 reliquit.
382 2993 450 3057 dein
480 2993 648 3057 rubricator
675 2991 846 3056 nominihus
879 2990 1011 3070 adpinxit
1043 2990 1156 3051 litteras

18 3106 20 3131 τ
89 3096 211 3158 graecas,
235 3077 390 3157 subpinxit
412 3079 604 3156 characteres,
632 3080 757 3158 explerit
779 3076 871 3157 spatia
894 3096 909 3138 a
932 3076 1033 3156 priore
1055 3075 1162 3136 relicta.

89 3165 193 3242 graecis
222 3164 335 3226 eisdem
364 3162 485 3225 litteris:
517 3164 618 3225 eadem
646 3164 737 3243 igitur
758 3163 820 3223 vice
844 3161 1022 3243 fungebatur
1044 3180 1102 3240 qua
1123 3159 1156 3222 in

88 3247 234 3330 plerisque
256 3248 462 3310 scaenicorum
483 3248 566 3311 bhris
587 3250 613 3310 is
635 3249 687 3328 qui
709 3264 905 3328 personarum
931 3254 1015 3310 notas
1038 3245 1157 3325 seriptis

89 3331 140 3395 im
159 3334 268 3396 tabulis
292 3332 407 3395 adiecit.
452 3334 637 3396 consuetudo
659 3341 757 3395 autem
780 3332 898 3394 eadere
923 3332 954 3393 in
978 3330 1156 3410 usurpandis

90 3420 195 3495 graecis
222 3418 330 3480 litteris
357 3416 472 3480 obtinet
500 3427 533 3479 ut
560 3436 643 3480 suam
669 3418 795 3480 litteram
818 3435 947 3496 persona
968 3422 1064 3477 servet
1086 3415 1156 3474 dum

89 3519 138 3580 per
163 3503 268 3584 plures
296 3520 418 3565 scaenas
447 3504 590 3567 continuo
618 3503 650 3565 in
679 3502 796 3583 pulpito
825 3509 973 3576 moratur;
1003 3498 1082 3580 quod
1106 3497 1157 3559 ubi

50 3654 54 3659 f
88 3587 212 3667 reliquit,
236 3588 332 3650 littera
355 3586 447 3649 cuivis
469 3587 690 3668 supervenienti
712 3594 810 3664 vacat3
833 3587 858 3649 si
877 3586 964 3662 redit,
978 3592 1029 3645 aut
1046 3582 1158 3663 priore,
1248 3617 1249 3621 =

90 3670 113 3735 si
133 3674 209 3736 lorte
230 3671 352 3734 librario
374 3672 470 3752 placet
492 3691 549 3735 nec
571 3673 621 3735 alii
643 3673 700 3734 iam
722 3673 846 3734 eandem
862 3672 949 3744 dedit,
972 3678 1025 3731 aut
1045 3668 1160 3730 diversa

88 3754 179 3821 littera
201 3764 332 3821 notatur.
365 3758 462 3821 sicin
485 3757 643 3836 Eunucho,
667 3757 876 3838 quoexemplo
892 3755 1045 3833 defungar,
1063 3752 1158 3814 Phae·

89 3838 164 3904 dn‘ae
193 3841 367 3922 praefigitur
386 3841 426 3904 A
448 3842 489 3920 (l,
513 3843 632 3919 1-11‚
655 3845 688 3918 13
724 3842 772 3918 tv,
795 3844 905 3920 2-4)
935 3847 964 3903 et
992 3835 1021 3902 Θ
1048 3839 1094 3916 (V,
1117 3839 1158 3913 8),

91 3923 236 3989 Gnathoni
247 3927 287 3991 A
309 3926 359 4004 (11,
375 3929 405 3989 2
428 3927 479 4003 111,
497 3932 525 3991 1.
541 3927 641 4004 nw,
658 3931 689 4003 7)
706 3935 735 3990 et
749 3929 780 3989 Γ
791 3927 836 4003 (Vg
852 3928 882 3989 7.
902 3929 943 4001 8),
966 3924 1113 3987 Thrasoni
1131 3925 1165 3985 Γ

90 4007 157 4088 (ΠΙ,
182 4014 285 4088 1-2)
309 4015 392 4074 etA
414 4012 475 4090 (IV,
496 4014 526 4076 7.
560 4014 593 4090 V,
616 4014 646 4076 7.
670 4015 714 4089 8),
735 4011 840 4074 Thaidi
862 4008 892 4073 Ε
916 4012 958 4091 (l,
980 4013 1010 4073 2.
1045 4007 1161 4083 111,2.
