2776 4476
197 184 236 247 12
585 203 613 245 n.
628 203 734 245 anunm
748 203 876 247 sunnone

197 371 257 433 quo
274 363 302 414 te
317 359 457 432 tuamque
472 351 620 415 dexteram
635 354 795 434 amplecter
808 354 885 417 diem

195 438 367 517 reditusque
381 437 479 499 lentos
495 455 551 499 nec
565 440 623 500 mei
637 457 784 501 memores
799 438 929 519 querar?

196 524 259 598 tihi,
275 542 293 584 o
310 524 432 584 deorum
448 522 563 597 ductor,
579 523 715 585 indomiti
730 525 828 587 serent

197 618 321 671 centena
336 609 414 670 tauri
429 607 519 683 oolla3
535 606 598 682 tibi,
613 609 734 688 frugum
749 620 865 688 potens,

196 702 308 757 secreta
324 693 445 754 reddam
460 710 557 754 sacra:
574 693 627 755 tibi
642 703 722 755 muta
737 695 794 756 fide

196 781 299 858 longas
313 777 436 840 Eleusin
451 778 538 840 tacita
553 778 672 841 iactabit
685 780 774 841 faces.

196 874 259 927 tum
274 864 424 925 restitutas
438 862 579 924 iratribus
593 862 682 925 rebor
696 864 770 925 meis

196 950 309 1012 animas
324 957 353 1009 et
366 948 465 1029 ipsum
480 966 572 1027 regna
585 949 788 1011 moderantem
803 966 855 1011 sua

195 1036 302 1097 florere
318 1043 442 1114 patrem.
474 1033 498 1094 si
514 1050 571 1111 qua
586 1040 615 1095 te
629 1034 723 1095 maior
736 1041 818 1095 tenet

197 1121 328 1182 clausum
344 1125 483 1198 potestas,
499 1117 668 1197 sequimur:
685 1126 735 1180 aut
750 1137 855 1180 omnes
870 1125 921 1180 tuo

197 1204 322 1266 deiende
338 1203 434 1264 reditu
448 1220 552 1283 sospes
567 1213 619 1264 aut
632 1221 737 1265 omnes
750 1205 835 1266 trahe
849 1237 892 1250 —

195 1289 295 1352 trahes
310 1306 366 1350 nec
381 1287 461 1349 nilus
476 1288 570 1367 eriget
583 1290 693 1351 fractos
708 1289 790 1351 deus.

196 1392 282 1435 suun.
314 1373 338 1434 Ο
352 1373 432 1434 socia
447 1372 542 1434 nostri
558 1373 721 1453 sanguinis,
737 1385 814 1437 casta
830 1374 887 1435 nde

196 1477 316 1521 seruans
330 1468 429 1520 torum
444 1467 590 1539 natosque
605 1459 784 1539 magnanimi
800 1458 946 1535 Herculis,

196 1544 317 1607 meliora
333 1553 433 1605 mente
447 1542 573 1623 concipe
588 1551 676 1623 atque
690 1544 821 1606 animum
841 1544 943 1606 excita.

197 1629 290 1692 aderit
304 1631 449 1710 proiecto,
466 1629 562 1708 quatis
577 1648 613 1691 ex
629 1631 710 1691 omni
725 1631 800 1691 solet

195 1715 306 1789 labore,
322 1715 423 1776 maior.
481 1732 551 1775 unc.
581 1714 666 1786 Quod
681 1715 770 1776 nimis
785 1713 886 1779 miseri
900 1713 1003 1776 volunt

197 1801 254 1862 hoo
269 1799 354 1860 facite
367 1799 501 1860 credunt.
559 1817 645 1860 nunu.
674 1799 767 1861 lmmo
784 1799 863 1880 quod
878 1806 1015 1862 metuunt
1029 1799 1117 1861 nimis

199 1902 360 1965 numquam
376 1884 485 1945 moveri
501 1902 590 1964 posse
605 1903 661 1946 nec
674 1884 737 1947 tolli
752 1891 873 1964 putant:

197 1988 292 2052 prona
307 1978 352 2031 est
366 1969 481 2030 timoris
497 1987 616 2050 semper
631 1970 661 2031 in
677 1970 763 2050 peius
780 1969 862 2031 fides.

197 2074 264 2118 unc.
291 2053 450 2116 Demersus
465 2072 498 2115 ao
513 2054 648 2116 defossus
664 2064 693 2116 et
707 2063 769 2117 toto
784 2054 908 2135 insuper

198 2158 360 2222 oppressus
376 2138 448 2200 orbe
463 2158 550 2219 quam
565 2140 639 2200 viam
655 2141 689 2201 ad
705 2158 832 2220 superos
846 2135 958 2203 habet?

196 2243 282 2287 nuru.
311 2223 404 2296 Quam
419 2232 493 2286 tunc
508 2224 632 2286 habebat
647 2243 714 2285 oum
726 2243 780 2304 per
794 2235 926 2289 arentem
945 2225 1060 2304 plagam

198 2318 228 2373 et
241 2310 419 2371 fluctuantes
433 2326 517 2370 more
531 2308 639 2371 turbati
654 2310 744 2370 maris

196 2395 257 2458 adit
270 2395 397 2456 harenas
412 2393 517 2472 bisque
532 2394 687 2456 discedens
702 2395 810 2457 fretum

141 2550 145 2557 ⁴
198 2489 227 2542 et
241 2480 287 2540 bis
302 2497 470 2552 recurrens,
487 2496 615 2558 cumque
631 2480 745 2540 deserta
761 2487 823 2540 rate

198 2568 364 2644 deprensus
379 2564 474 2625 haesit
488 2563 618 2643 Syrtium
633 2563 772 2625 brevibus
792 2564 871 2625 vadis

199 2661 227 2713 et
243 2668 344 2730 puppe
359 2649 414 2711 fixa
428 2649 519 2710 maria
533 2649 683 2728 superavit
698 2650 799 2728 pedes.

197 2755 266 2798 unu.
296 2735 402 2814 Iniqua
417 2752 483 2795 raro
497 2734 630 2797 maximis
645 2734 802 2796 virtutibus

198 2822 317 2883 fortuna
334 2819 442 2901 paroit3
459 2837 548 2880 nemo
561 2837 594 2880 se
609 2827 673 2880 tuto
690 2818 740 2881 diu

198 2905 339 2987 periculis
354 2904 460 2965 offerre
475 2914 533 2966 tam
548 2903 661 2967 crebris
675 2911 788 2985 potest:

199 3008 287 3071 quem
303 3008 391 3069 saepe
404 2990 510 3051 transit
525 3008 621 3066 casus,
635 2989 794 3070 aliquando
809 2988 929 3051 invenit.

285 3075 342 3136 Sed
358 3092 426 3136 ecce
441 3093 544 3137 suevus
560 3094 594 3137 ac
607 3075 703 3136 minas
718 3072 800 3136 vultu
816 3092 923 3153 gerens

199 3169 228 3221 et
243 3160 339 3238 qualis
354 3158 452 3220 animo
468 3167 512 3220 est
526 3159 592 3221 talis
607 3159 725 3221 incessu
741 3158 821 3220 venit

199 3244 294 3306 aliena
309 3244 407 3305 dextra
424 3253 538 3324 sceptra
554 3245 729 3306 concutiens
748 3243 853 3323 Lycus.

286 3466 334 3518 3111.
353 3462 431 3515 muita
441 3462 466 3512 A
535 3464 583 3517 302
601 3461 700 3516 Eleusis
711 3464 735 3513 A
752 3461 847 3529 (Eleusi
858 3465 887 3527 ς)
900 3461 972 3514 eleus
983 3461 1086 3513 introitu
1096 3460 1128 3525 Ε,
1145 3460 1193 3511 nd
1203 3476 1270 3513 eruc.

198 3533 233 3585 in.
250 3561 285 3571 -
305 3531 407 3584 iactabo
424 3531 449 3581 A
526 3533 575 3585 306
598 3531 680 3583 omnis
697 3531 723 3582 E
799 3534 849 3585 3113
868 3545 955 3582 nouae
971 3544 1084 3581 scaenae
1101 3527 1271 3608 Amphitryon

197 3600 299 3668 Megara
319 3600 477 3652 inscribitur
493 3600 518 3650 A
587 3602 637 3653 313
659 3598 740 3666 quod:
765 3615 781 3651 o
799 3615 834 3650 erc
851 3599 859 3649 i
876 3598 936 3651 2m.
954 3597 979 3651 Ε
1047 3601 1098 3652 316
1119 3611 1232 3649 amoveri
1248 3596 1272 3647 A
1368 3616 1369 3619 ¹

200 3672 249 3723 313
268 3667 396 3734 Magus-oe
414 3667 497 3719 datur
513 3668 589 3719 A.—
606 3667 691 3719 timori
708 3668 733 3718 A
751 3667 849 3721 timoris
866 3669 899 3729 Σ,
917 3681 930 3719 1
948 3665 1056 3718 3131.Ε
1124 3668 1174 3718 318
1191 3664 1270 3717 rium:
1368 3678 1369 3733 1

198 3753 212 3789 3
231 3737 293 3789 odd.
311 3737 329 3788 2
346 3753 380 3788 m.
399 3735 424 3786 Ε
509 3737 556 3789 321
582 3735 644 3787 abiit
662 3737 699 3799 A,
723 3735 741 3788 2
757 3751 790 3785 m.
809 3751 844 3786 ec
867 3733 920 3787 edit
943 3735 968 3785 Ε
991 3733 1053 3786 adiit
1068 3735 1094 3782 Σ
1116 3731 1163 3799 (of.
1182 3732 1211 3796 1,
1230 3732 1270 3795 18)
1368 3742 1369 3767 ³

199 3807 249 3859 321
267 3804 411 3871 superauit:
429 3802 787 3856 incantamentum.
804 3802 889 3864 fuisse
906 3802 1013 3855 uidetur
1029 3801 1121 3855 hebuit
1137 3802 1211 3868 quod
1228 3814 1271 3851 ex·

198 3875 300 3923 1111111
317 3871 345 3924 Ν
362 3878 388 3923 et
405 3874 445 3921 1111
463 3872 564 3923 luorum
581 3877 613 3922 111
629 3887 711 3937 aegre
728 3871 884 3924 dinoscatur
901 3873 931 3922 111
942 3869 973 3922 Μ
1040 3873 1090 3924 326
1107 3874 1177 3923 tuto:
1195 3872 1272 3936 prior

200 3938 397 4004 t3m.exp;
419 3942 469 3989 oi.
491 3939 711 4005 131.(1111’1)Ε
