2658 4488
191 247 254 309 262
577 263 603 303 a.
626 262 729 305 aunum
751 263 876 305 suueuia

192 415 339 479 et‘adhuc
361 412 489 475 calentes
511 413 655 475 viscerum
677 432 766 476 venas
788 424 879 477 notat.

191 511 348 582 postquam
370 499 483 561 hostiae
505 498 653 579 placuere,
675 518 797 561 securus
819 510 899 562 vacat

192 588 249 647 iam
271 585 369 647 fratris
391 584 501 665 epulis:
525 585 588 666 ipse
609 585 733 646 divisum
756 596 835 646 secat

191 671 222 732 in
246 670 377 732 membra
400 688 519 750 corpus,
541 678 672 750 ampulat
694 679 799 732 trunco
822 678 911 732 tenus

191 774 311 817 umeros
332 764 466 837 patentes
488 765 516 815 et
537 755 713 817 lacertorum
734 773 841 829 moras,

193 841 323 903 denudat
345 850 426 902 artus
447 840 540 901 durus
561 851 648 920 atque
671 858 736 901 ossa
759 850 906 921 amputat3

191 936 307 988 tantum
330 944 380 987 ora
403 934 496 986 serrat
518 934 547 985 et
568 926 648 986 datas
669 926 736 986 fidei
760 943 874 986 manus.

191 1014 264 1073 baec
285 1009 403 1071 veribus
424 1010 545 1070 haerent
566 1009 676 1070 viscera
699 1020 727 1070 et
748 1010 836 1072 lentis
858 1012 923 1072 datu

192 1094 303 1158 stillant
324 1095 457 1168 caminia,
480 1092 528 1154 illa
551 1094 714 1156 flammatus
737 1095 812 1156 latex

191 1181 335 1242 candente
355 1198 430 1241 aeuo
453 1179 548 1241 iactat.
592 1180 744 1260 impositas
765 1181 855 1261 dapes

191 1351 238 1412 bis
259 1359 304 1412 ter
325 1359 457 1428 regestus
480 1359 509 1411 et
530 1351 590 1430 pati
614 1351 711 1412 iussus
733 1368 846 1412 moram

190 1436 301 1497 invitus
321 1439 413 1497 ardet.
458 1436 560 1496 stridet
580 1436 610 1496 in
634 1436 751 1496 veribus
772 1435 871 1510 iecur;

192 1540 247 1583 nec
269 1520 353 1582 facile
375 1521 469 1581 dicam
492 1538 617 1601 corpora
640 1540 676 1581 an
700 1522 834 1582 flammae
854 1521 948 1600 magis

192 1625 339 1686 gemuere.
384 1606 484 1687 piceos
507 1605 585 1684 ignis
606 1606 638 1666 in
661 1606 759 1666 fumos
780 1604 855 1681 abit;

191 1701 220 1753 et
241 1692 304 1773 ipse
325 1691 434 1765 sumus,
455 1690 548 1752 tristis
570 1708 604 1751 ac
626 1689 732 1752 nebula
756 1691 860 1770 gravis,

190 1796 251 1839 non
274 1785 372 1838 rectus
394 1777 454 1837 exit
474 1793 564 1856 seque
587 1776 617 1835 in
641 1776 789 1837 excelsum
810 1775 902 1836 levat:

190 1864 272 1944 ipsos
294 1870 416 1941 penates
436 1861 516 1922 nube
538 1861 661 1923 deformi
684 1861 807 1922 obsidet..

276 1945 300 2007 0
324 1946 443 2008 Phoebe
464 1946 590 2027 patiens,
612 1947 722 2026 fugeris
744 1956 822 2007 retro
845 1945 914 2006 licet

190 2032 346 2112 medioque
367 2042 489 2112 ruptum
511 2033 648 2093 merseris
671 2032 751 2092 caclo
774 2031 861 2104 diem,

189 2136 256 2178 sero
279 2116 411 2178 occidisti
438 2153 476 2161 -
497 2115 625 2178 lancinat
646 2116 731 2178 natos
752 2128 835 2196 pater

187 2212 328 2282 artusque
350 2202 462 2263 mandit
484 2220 534 2262 ore
556 2203 673 2263 lunesto
696 2219 783 2275 suos;

188 2288 263 2348 nitet
284 2286 395 2347 buente
417 2286 550 2347 madidus
573 2296 725 2364 unguento
748 2304 861 2347 comam

189 2372 343 2451 gravisque
365 2372 450 2445 vino;
474 2389 561 2451 saepe
583 2371 752 2451 praeclusae
774 2371 872 2432 cibum

188 2468 311 2518 tenuere
332 2457 432 2519 fauces
453 2490 494 2501 —
517 2457 547 2516 in
570 2455 655 2516 malis
677 2474 770 2517 unum
792 2457 849 2516 hoc
871 2455 930 2517 tuis

189 2542 302 2605 bonum
324 2551 379 2616 est,
401 2542 537 2622 Thyesta,
560 2541 638 2621 quod
662 2541 737 2602 mala
760 2541 879 2620 ignoras
901 2550 960 2603 tua.

189 2629 241 2690 aed
263 2638 292 2688 et
313 2629 371 2689 boc
392 2626 510 2707 peribit.
552 2626 672 2688 verterit
694 2645 800 2687 currus
821 2626 891 2688 licet

190 2712 246 2773 sibi
267 2713 333 2795 ipse
354 2711 439 2773 Titan
463 2711 581 2772 obvium
604 2713 716 2773 ducens
737 2712 794 2771 iter

187 2798 376 2878 tenebrisque
397 2796 513 2859 facinus
534 2797 640 2858 obruat
660 2806 769 2858 tetrum
793 2798 876 2856 novis

190 2902 248 2943 noa
269 2883 358 2944 missa
379 2882 417 2944 ab
440 2893 507 2945 ortu
529 2892 663 2963 tempore
684 2882 782 2943 alieno
805 2881 909 2959 gravis,

187 2980 284 3029 tamen
305 2967 464 3030 ridendum
486 2977 538 3029 est.
583 2978 645 3030 tota
666 2968 808 3048 patefient
829 2965 913 3027 mala.

500 3117 651 3181 CHORVS

392 3219 458 3290 Quo
480 3228 624 3281 terrarum
647 3238 848 3301 superumque
870 3236 986 3300 parens,

315 3305 400 3367 cuius
421 3304 457 3366 ad
479 3316 560 3366 ortus
582 3305 678 3366 noctis
700 3324 808 3385 opacae

317 3391 407 3451 decus
429 3408 517 3450 omne
539 3390 626 3468 fugit,
649 3409 707 3470 quo
729 3390 818 3451 vertis
839 3391 895 3450 iter

314 3475 471 3556 medioque
493 3474 570 3536 diem
592 3476 692 3556 perdis
713 3471 864 3555 Olympo?

315 3580 379 3636 cur,
400 3559 528 3635 Phoebe,
551 3568 620 3622 tuos
641 3561 720 3642 rapis
742 3557 903 3642 aspectus?

189 3716 392 3725 m

273 3796 322 3847 762
345 3794 456 3860 patentis
478 3793 504 3844 Ε
589 3797 638 3848 763
656 3793 762 3859 ἀίτυες
847 3796 897 3847 765
921 3792 1032 3844 verubus
1048 3792 1088 3856 A,
1112 3797 1193 3847 utu.
1217 3795 1266 3846 770

189 3866 236 3915 767
256 3865 377 3928 querente
395 3862 477 3914 aheno
495 3861 520 3911 Α
589 3864 638 3914 loa
656 3862 847 3928 crepitantes&
905 3859 999 3913 l'llfl.
1018 3864 1160 3926 gemant&
1215 3866 1264 3913 'l‘ll

187 3929 275 3992 piceus
292 3930 317 3978 A
374 3931 425 3982 774
442 3926 568 3992 Ιενὰηες
619 3932 669 3982 teo
687 3944 758 3982 coma
776 3932 801 3980 A
848 3931 896 3983 781
916 3928 1031 3982 reclusae
1048 3928 1073 3978 Ε
1131 3930 1183 3982 788
1204 3937 1264 3982 nota

187 3993 310 4058 patefiant
326 3996 351 4044 Ε
423 3998 470 4048 791
490 3997 607 4047 cecusll
