2686 4482
257 1031 294 1093 Ut
312 1033 347 1094 ad
362 1031 545 1112 propositam
568 1031 611 1092 de
633 1032 920 1113 exemplaribus
942 1032 1092 1111 graecis
1115 1037 1250 1114 quaesti·
1285 1102 1292 1119 ,

160 1137 258 1180 onem
287 1117 458 1191 redeamus,
488 1117 638 1198 aptissime
666 1135 682 1177 a
705 1116 798 1199 prima
817 1116 972 1197 tragoedia
994 1118 1173 1198 incipiemus
1195 1120 1248 1181 cui

170 1215 203 1265 ut
218 1202 389 1282 cognomini
404 1201 575 1282 Euripidiae
588 1202 716 1264 furentis
734 1202 886 1283 epitheton
905 1202 1100 1282 interpolator
1115 1204 1248 1284 inscrip-

168 1288 221 1349 sit:
239 1287 372 1349 novicius
387 1287 457 1348 huic
472 1295 502 1348 et
516 1306 614 1369 nuper
629 1287 746 1349 demum
762 1288 901 1368 explosus
915 1287 965 1364 (de
980 1287 1171 1350 Wilamowitz
1187 1293 1247 1350 An.

170 1373 242 1434 Eur.
265 1392 294 1452 p.
318 1374 359 1434 59
379 1374 446 1452 sep),
469 1381 552 1435 vetus
574 1371 617 1434 illi
638 1372 756 1434 Etrusci
778 1372 953 1435 auctoritate
975 1373 1142 1435 convictus:
1166 1374 1249 1436 inter

170 1476 246 1538 quos
269 1476 344 1537 quae
367 1458 555 1519 necessitudo
577 1457 692 1518 sitnon
707 1457 778 1520 satis
792 1458 900 1538 liquet;
923 1457 1073 1539 aptissime
1092 1458 1158 1520 ideo
1172 1457 1247 1539 ipuia

168 1543 201 1604 in
231 1543 286 1605 hac
313 1540 409 1603 fabula
438 1542 563 1604 dubitari
593 1542 697 1622 nequit
727 1543 800 1622 quin
822 1543 858 1605 ab
881 1542 1024 1622 Euripide
1045 1554 1133 1623 poeta
1154 1562 1247 1624 argu-

170 1636 302 1689 mentum
326 1627 485 1708 repetierit.
522 1626 571 1690 ille
590 1627 669 1689 enim
684 1627 821 1691 Herculis
843 1628 879 1689 ah
902 1628 1006 1690 inferis
1027 1628 1137 1690 reversi
1159 1629 1246 1690 iuro·
1290 1643 1293 1651 ’

167 1731 232 1774 rem
260 1712 375 1792 primus
403 1731 526 1775 scaenae
553 1711 673 1774 tradidit
698 1713 925 1793 argumentique
953 1714 1077 1774 formam
1100 1713 1130 1774 in
1154 1732 1246 1776 omne

169 1816 272 1859 aevum
301 1798 464 1859 constituit.
509 1798 589 1878 quod
618 1817 634 1858 a
663 1797 777 1876 graecis
803 1799 899 1879 poetis
929 1806 979 1858 aut
1007 1798 1038 1859 in
1061 1797 1247 1877 ignobilibus

169 1892 283 1944 motum
305 1883 463 1961 tragoediis
475 1885 498 1959 1)
520 1892 571 1945 aut
593 1883 714 1944 omnino
737 1902 799 1945 non
815 1891 1004 1945 retractatum
1019 1886 1101 1960 ascl)
1130 1883 1246 1946 Seneca

169 1968 259 2046 igitur
282 1984 340 2029 una
363 1966 514 2047 Euripidis
534 1966 632 2029 fabula
655 1986 728 2030 usus
749 1977 803 2029 est.

254 2060 343 2132 atque
370 2052 498 2132 primum
527 2052 645 2133 quidem
674 2052 824 2134 displicuit
857 2051 899 2113 illi
933 2061 966 2113 ut
994 2051 1150 2132 Lessingio
1182 2054 1245 2129 (lv,

168 2139 231 2201 247
247 2156 291 2217 sq.
307 2137 340 2199 L.
361 2138 412 2199 ubi
436 2137 578 2218 quaedam
601 2136 637 2199 de
659 2137 829 2199 discrimine
851 2136 930 2198 inter
946 2136 1118 2216 Euripidem
1141 2147 1170 2199 et
1187 2140 1245 2200 Se·

168 2239 272 2284 necem
294 2222 462 2284 acutissime
485 2222 653 2302 disputavit)
677 2232 705 2284 et
726 2222 862 2304 plurimis
884 2223 1001 2302 egregia
1022 2221 1172 2303 Euripidis
1194 2243 1245 2285 ars

167 2306 227 2386 qua
243 2325 278 2367 ex
293 2307 404 2386 duplici
418 2317 594 2387 argumento
610 2343 651 2355 -
666 2307 763 2369 reditu
778 2306 915 2368 Herculis
931 2309 1076 2369 mturare
1090 2341 1132 2352 -
1147 2326 1243 2370 unum

168 2391 280 2453 effecit:
303 2392 435 2453 videmus
457 2392 566 2455 liberos
589 2392 726 2464 Herculis
748 2400 777 2454 ot
799 2411 921 2463 uxorem
947 2391 977 2452 in
1001 2393 1101 2472 priore
1123 2403 1244 2471 tragoe-

168 2478 232 2539 diae
260 2485 344 2557 parte
373 2486 492 2557 praeter
518 2496 601 2556 spem
632 2487 761 2538 servatos
783 2477 814 2539 in
837 2477 926 2540 altera
948 2475 984 2538 ab
1006 2477 1072 2558 ipso
1094 2488 1244 2541 servatore

167 2561 324 2638 trucidari3
347 2562 379 2622 in
401 2562 501 2643 priore
524 2563 651 2643 eundem
673 2581 727 2624 sua
748 2561 855 2624 uirtute
876 2581 990 2624 summa
1005 2572 1187 2642 perpetrare,
1210 2564 1242 2624 in

167 2645 258 2708 altera
280 2647 481 2728 praepotentis
504 2647 635 2709 numinis
657 2666 746 2709 manu
769 2642 808 2710 cd
830 2641 1015 2711 καλλίνικον
1037 2643 1120 2728 κάρα
1135 2647 1244 2710 miser·

168 2732 275 2793 rimum
298 2731 432 2794 omnium
447 2732 546 2808 reddi;
570 2732 697 2812 denique
712 2732 797 2794 amici
814 2733 914 2794 dextra
929 2732 1002 2811 erigi
1017 2750 1137 2794 rursum
1152 2752 1243 2795 mun·

169 2817 266 2898 doque
288 2816 382 2879 reddi.
412 2818 572 2880 transitum
594 2817 643 2879 ille
665 2816 797 2898 apriore
811 2826 894 2897 parte
909 2817 944 2879 ad
959 2818 1091 2890 alteram,
1112 2817 1242 2880 asubita

167 2922 184 2964 e
207 2903 312 2964 timore
334 2901 442 2964 laetitia
464 2904 500 2964 ad
522 2921 670 2964 summum
692 2902 820 2978 luctum,
849 2901 1028 2977 admirabili,
1058 2903 1082 2963 si
1112 2911 1242 2964 veterem

168 3006 229 3048 non
253 2987 396 3048 noviciam
419 3005 556 3049 scaenam
578 2987 712 3068 respicis,
735 2988 785 3049 sed
807 2986 1001 3049 audacissimo
1017 2987 1137 3050 invento
1159 2988 1242 3060 lecit,

165 3068 244 3132 lride
267 3080 297 3132 et
318 3071 435 3134 insania
456 3071 488 3133 in
510 3091 646 3134 scaenam
668 3071 814 3145 inductis;
843 3073 942 3134 minus
968 3081 1067 3135 tamon
1089 3072 1193 3134 audaci
1216 3074 1243 3133 si

74 3222 76 3226 μ
167 3155 338 3218 memineris
360 3156 496 3218 Insaniae
517 3174 674 3236 porsonam
697 3157 927 3220 Atheniensibus
950 3176 984 3218 ex
1007 3155 1143 3238 Aeschyli
1170 3158 1241 3219 Car-

166 3239 370 3302 minatricibus
392 3242 461 3319 (lrg.
480 3242 551 3317 163)
575 3249 673 3304 notam
696 3242 799 3307 luisse.
834 3243 893 3304 hoc
914 3242 1005 3320 igitur
1022 3260 1090 3305 cum
1108 3242 1241 3304 Senecae

254 3410 272 3473 ¹)
290 3407 428 3475 Diogenem
445 3408 472 3459 iu
485 3407 591 3461 llercule
603 3408 683 3476 (Suid.
693 3424 715 3462 s.
723 3408 763 3473 D.)
776 3409 857 3477 Hylae
868 3409 979 3462 tabulam
988 3413 1111 3462 tractasse
1120 3408 1242 3462 welche·
1255 3444 1260 3449 -

166 3493 209 3530 rus
222 3477 316 3529 conicit
332 3492 360 3544 p.
372 3479 446 3539 1039,
464 3475 490 3528 in
500 3475 647 3530 'l'imesitbei
665 3476 772 3530 Hercule
790 3476 883 3543 uelde
893 3478 988 3545 satyria
998 3476 1095 3544 cogitat
1105 3480 1142 3544 (p.
1154 3481 1241 3542 1017).

165 3551 195 3596 ut
212 3548 242 3597 ut
259 3550 298 3597 est
316 3551 342 3597 et
360 3544 448 3597 barum
466 3543 607 3597 tabularum
625 3545 746 3598 memoria
763 3544 891 3599 intercidit
907 3550 1007 3612 praeter
1024 3545 1127 3597 nomina
1145 3545 1241 3598 eteius

163 3612 275 3681 quaein
293 3611 344 3665 (ild
362 3612 381 3676 1,
399 3615 446 3667 231
466 3618 628 3678 memoratur,
646 3618 671 3665 et
687 3613 757 3682 Lyco
776 3612 863 3667 bronio
881 3613 961 3676 tSnld.
979 3629 1000 3666 s.
1018 3613 1064 3679 Ι..)

251 3681 272 3745 ²)
290 3679 359 3748 quod
368 3680 532 3748 Asclepiades
542 3681 653 3734 uurmvit
665 3629 847 3747 (scholitbti)
865 3697 916 3734 nou
934 3681 1078 3735 necessario
1096 3680 1128 3732 ad
1147 3695 1241 3732 novam

166 3746 323 3814 tragoediam
340 3747 454 3814 retertur,
471 3748 597 3817 siqnidem
614 3749 744 3802 verissima
763 3754 822 3802 sunt
839 3764 904 3817 quae
922 3749 1049 3802 Robertus
1066 3747 1110 3814 (de
1120 3749 1168 3815 Ap.
1179 3748 1242 3801 bibl.

164 3831 189 3880 p.
200 3817 233 3867 71
242 3818 293 3881 sq.)
311 3821 337 3867 et
346 3815 557 3870 Wilamowitzius
575 3818 615 3883 (A.
625 3817 653 3869 E.
662 3834 688 3885 p.
702 3820 746 3871 181
757 3817 815 3871 adn.
825 3820 852 3883 3)
865 3817 898 3870 de
909 3815 1099 3902 tragodnmenis
1109 3815 1240 3876 dixerunt;

164 3883 313 3997 praesertim
335 3899 393 3935 cum
418 3883 487 3951 quod
509 3884 554 3937 ille
575 3890 660 3938 narrat
681 3885 850 3954 καταστέφει
872 3883 935 3943 τοὺς
963 3883 1116 3954 Ηρακλέους
1138 3882 1242 3940 παῖδας

187 3948 223 3999 uri
243 3948 310 4000 idem
327 3949 441 4003 redoleat
455 3954 490 4018 (v.
501 3955 570 4018 526).
593 3953 757 4007 scholiastarn
768 3952 871 4007 Pindari
886 3953 984 4020 (lstbm.
996 3959 1020 4020 4,
1032 3956 1091 4019 104)
1101 3952 1243 4021 hypothesi

162 4014 207 4064 fab
236 4027 266 4066 ae
283 4015 426 4083 Euripidiae
443 4033 518 4071 usum
536 4035 593 4073 esse
610 4020 736 4074 intellexit
752 4021 965 4075 Wilemowitzius
983 4022 1000 4075 l.
1018 4038 1040 4075 s.
1058 4038 1084 4090 p.
1104 4022 1161 4075 186.
1258 4090 1264 4100 η
