2686 4482
179 214 239 283 rto
527 227 565 273 un
588 225 766 275 muriceam
788 225 901 271 connis.

176 377 318 460 potentia.
362 378 418 439 iam
449 395 518 443 vcro
548 378 571 439 si
598 376 764 457 periculum
794 375 883 439 laoias
912 393 1030 441 carmen
1061 383 1118 439 tam
1149 387 1257 456 aperte
1329 342 1330 427 s

176 465 302 543 singulis
329 463 483 542 particulis
512 471 650 525 constans
678 462 709 522 in
742 461 880 542 strophas
908 460 1104 535 discribendi,
1139 462 1256 525 videbis
1329 460 1330 497 ἒ

175 548 334 631 particulas
356 549 427 615 istas
448 544 554 611 diversi
575 547 703 611 ambitus
725 565 792 609 esee
809 564 907 624 neque
923 547 1080 624 quicquam
1093 546 1160 624 ¹spei
1176 565 1255 627 pru·
1329 590 1330 617 ,

176 635 258 696 denti
279 634 381 695 saltem
402 633 516 697 homini
537 633 668 711 relinqui
688 632 902 695 sententiarum
923 631 1158 710 aequabilitatem
1182 650 1255 693 cnm

176 719 364 797 stropharum
393 718 557 796 eurythmia
587 716 803 795 coniungendi:
833 716 862 778 id
892 716 973 795 quod
992 717 1160 793 argumenti
1182 717 1254 778 loeo

176 813 275 884 potest
301 822 383 877 esse,
411 803 443 867 iu
471 802 514 865 eis
544 801 724 865 carminibus
746 801 783 864 dc
808 801 916 879 quibus
941 820 1004 863 nen
1030 813 1109 864 certa
1134 802 1255 862 ratione
1329 788 1330 853 ἦ

176 889 260 953 aliter
274 888 362 951 statui
376 886 480 967 possit,
502 887 663 971 aSenccac
682 894 744 949 arte
760 886 917 951 consiliunt
933 886 1123 966 stropharum
1145 886 1254 949 discri·
1329 894 1330 979 }

176 973 339 1039 henderunt
360 973 490 1035 alienum
512 971 612 1037 luisse.

262 1058 388 1119 vidimus
416 1056 507 1135 igituir
528 1057 559 1117 in
582 1057 672 1119 unius
695 1052 814 1117 Medeae
839 1074 899 1116 uno
922 1056 1023 1117 saltem
1051 1055 1182 1119 carmine
1204 1073 1256 1116 se·
1329 1044 1330 1073 ³

177 1145 320 1205 veriorem
349 1158 482 1217 normarn
512 1159 653 1220 regnare,
681 1142 711 1202 in
734 1140 858 1220 reliquis
880 1140 1039 1219 tragoediis
1061 1141 1109 1201 hic
1131 1139 1255 1218 quidem

181 1237 211 1290 et
232 1226 293 1291 illic
315 1227 443 1306 speciem
466 1227 612 1305 quendam
635 1225 847 1305 aequabilitatis
870 1226 921 1286 sed
950 1226 1196 1304 compositionem
1221 1243 1255 1285 re
1329 1232 1330 1285 ζ

179 1331 247 1375 vera
276 1311 455 1391 strophic‘am
485 1330 631 1390 nusquam
658 1311 845 1374 inveniri-
871 1329 937 1372 nam
967 1329 1042 1389 quae
1072 1329 1132 1373 nou
1157 1309 1256 1386 tetigi,

165 1398 217 1461 -de
239 1397 283 1461 eis
304 1415 342 1459 ne
364 1396 529 1475 quaestioni
551 1396 669 1475 quidem
692 1394 776 1457 locus
799 1404 853 1456 est.
897 1414 972 1474 qnae
1000 1395 1025 1456 si
1051 1396 1149 1457 omnia
1172 1412 1256 1457 oom-
1329 1428 1330 1481 3

179 1481 349 1562 plectimur,
371 1499 495 1560 prorsus
518 1481 674 1543 descivisse
695 1481 731 1542 ab
746 1480 868 1542 Horatio
883 1481 1027 1543 Senecam
1043 1488 1167 1554 constat,
1192 1498 1255 1540 non
1329 1484 1330 1559 ξ

180 1574 214 1631 ut
235 1566 272 1629 ad
291 1565 395 1629 Catulli
412 1565 627 1629 Graecorumve
641 1565 777 1641 aliorum,
799 1565 880 1626 velut
894 1565 1096 1639 Anacreontis,
1119 1564 1255 1644 exempla

179 1650 300 1726 rediret,
322 1652 374 1712 sed
396 1658 430 1713 ut
451 1651 517 1729 lege
538 1652 653 1713 solutus
675 1649 895 1723 incederunt,
918 1651 943 1711 si
961 1650 1079 1730 quaudo
1094 1650 1255 1723 uideretur,
1329 1650 1330 1697 t

177 1738 244 1817 ipse
271 1736 366 1815 legem
398 1730 454 1797 sibi
483 1735 626 1799 scriberet
654 1735 785 1815 ineptam
813 1753 847 1795 ac
876 1736 941 1797 siue
969 1745 1031 1796 arte
1057 1734 1255 1797 artificiosam.

179 1821 301 1903 rapidus
322 1839 394 1882 sane
417 1829 445 1881 et
467 1820 641 1883 miserabilis
663 1830 732 1899 post
752 1819 906 1887 Horatium
936 1838 1085 1883 summum
1111 1820 1254 1881 artificem

179 1907 291 1985 lapsus.
328 1906 413 1966 cuius
435 1904 461 1965 si
483 1923 585 1967 causas
600 1904 791 1985 requirimus
814 1906 944 1967 Senecae
962 1924 1032 1969 aevo
1048 1905 1158 1967 dudum
1177 1905 1255 1967 inte·
1329 1916 1330 1981 3

179 1991 266 2052 riisse
288 1990 431 2069 pulchrae
453 1991 614 2051 severitatis
637 1990 811 2069 decorisque
833 2007 865 2053 re
888 2008 951 2051 non
965 1989 1062 2051 verbis
1076 1989 1170 2068 parati
1186 2007 1256 2052 sen-
1329 2020 1330 2063 r

180 2094 245 2138 snm
269 2075 367 2135 omnia
390 2076 508 2136 docent.
552 2075 631 2154 quod
654 2076 678 2136 si
701 2075 844 2139 miramur
865 2075 1027 2137 doctrinam
1053 2074 1164 2154 ipsam,
1198 2092 1255 2153 qua

179 2160 319 2222 Horatius
342 2159 464 2223 edoctus
479 2161 613 2221 Aeolium
636 2178 755 2221 carmen
779 2159 892 2239 primus
913 2160 949 2221 ad
972 2159 1060 2223 ltalos
1075 2158 1179 2219 modos
1204 2160 1256 2218 de·
1329 2224 1330 2235 ,

180 2246 279 2317 duxit,
308 2251 366 2305 tam
398 2245 456 2306 cito
484 2245 655 2320 evanuisse,
685 2252 817 2324 quotum
839 2262 987 2324 quemque
1016 2252 1102 2324 putas
1124 2245 1257 2305 Senecae
1329 2240 1330 2275 ³

179 2349 250 2391 aevo
272 2329 369 2409 ipsum
386 2329 523 2390 Alcaeum
542 2329 649 2392 adiisse
664 2337 782 2408 praeter
796 2328 951 2391 Horatium
965 2349 981 2391 a
996 2344 1056 2408 que
1073 2328 1256 2390 carminibus
1329 2340 1330 2377 ἐ

180 2413 343 2495 pangendis
365 2411 586 2476 instrueretur?
620 2415 731 2476 Seneca
761 2414 861 2475 saltem
886 2434 925 2476 ue
946 2411 1111 2494 tragoedias
1131 2413 1256 2493 quidem
1329 2408 1330 2487 ἶ

180 2507 296 2579 praeter
323 2516 443 2560 suarum
471 2498 565 2578 ipsius
594 2500 769 2579 exemplaria
799 2500 951 2579 pernovit:
981 2499 1072 2560 semel
1101 2498 1256 2577 Euripidis
1329 2492 1330 2545 ἶ

179 2603 281 2644 versus
311 2583 405 2644 adfert
434 2587 493 2662 (ep.
519 2584 594 2654 1152
627 2587 677 2657 14)
706 2604 723 2645 e
749 2584 849 2645 Danae
877 2594 1010 2664 sumptas
1038 2602 1111 2663 quas
1141 2583 1258 2644 scilicet
1329 2584 1330 2665 ᾗ

179 2668 413 2748 Bellerophonti·
430 2668 541 2731 tribuit.
588 2668 747 2748 Vergilium
776 2669 915 2732 lectitarit
940 2669 1095 2731 Horatium
1117 2669 1256 2729 Ovidium
1329 2672 1330 2759 l

180 2754 384 2834 philosophos.
417 2753 504 2816 facile
525 2763 622 2819 antem
645 2755 696 2834 qui
712 2773 773 2817 non
791 2754 927 2817 Alcaeum
944 2756 995 2816 sed
1010 2752 1164 2817 Horatium
1184 2754 1258 2832 legit
1329 2790 1330 2815 2

181 2859 217 2901 ao
239 2840 338 2901 induci
362 2848 487 2919 poterat,
510 2848 544 2901 ut
564 2857 667 2901 versus
690 2839 817 2901 aeolicos
838 2836 923 2903 κατὰ
945 2843 1056 2917 στίχον
1071 2839 1256 2918 compositos
1329 2850 1330 2879 ³

181 2943 243 2986 non
264 2924 391 2987 multum
414 2925 533 2987 differre
552 2925 760 2989 existimarcta
776 2925 908 3005 strophis
923 2944 998 3004 queo
1013 2925 1166 3002 quaternis
1182 2923 1257 2985 colis
1329 2940 1330 2979 t

167 3008 353 3087 aequalibus
382 3015 567 3083 constarent3
596 3011 769 3088 praesertim
798 3028 866 3070 cum
895 3009 1037 3071 Horatius
1065 3008 1256 3087 stropharum
1329 3066 1330 3091 ,

180 3093 323 3155 termines
340 3093 423 3154 nullo
438 3093 549 3155 indicio
563 3094 739 3156 denotasset.
769 3113 830 3173 quo
845 3113 917 3157 saue
932 3114 988 3177 nee
1002 3093 1137 3174 sapphici
1151 3111 1256 3154 versus
1329 3100 1330 3173 ξ

181 3187 360 3238 excusantur
382 3196 444 3237 nuo
466 3185 571 3238 tenore
594 3177 784 3240 decurrentes
808 3198 863 3240 uec
886 3180 972 3258 epodi
998 3181 1207 3262 inconstanter
1228 3188 1257 3239 et
1329 3178 1330 3217 l

181 3263 216 3323 ad
239 3255 392 3323 arbitrium
407 3260 496 3342 positi
512 3281 568 3323 neo
583 3272 674 3326 metra
697 3264 860 3342 systematis
883 3263 1049 3326 necessario
1072 3263 1256 3325 conectenda
1329 3258 1330 3315 Ῡ

179 3347 315 3411 uersibus
336 3344 463 3426 singulis
484 3356 602 3426 praeter
622 3344 714 3410 artem
737 3349 873 3410 adstricta
897 3368 952 3413 nec
967 3349 1044 3410 varia
1061 3364 1255 3413 numerorum
1329 3360 1330 3417 1

182 3451 290 3515 genera
312 3451 374 3494 uno
390 3432 553 3510 eodemque
574 3432 705 3494 carmine
726 3434 939 3513 comprehensa
956 3453 1012 3495 nec
1025 3435 1155 3512 denique
1170 3433 1256 3511 polp-

181 3525 344 3580 metrorum
360 3517 523 3578 carminum
538 3513 804 3598 puerilis'iaotatio.
843 3534 917 3600 quae
939 3538 1000 3580 non
1025 3534 1059 3580 ex
1074 3518 1256 3578 Graecorum
1329 3584 1330 3597 ἶ

181 3600 342 3665 imitatione
365 3611 431 3665 nata
454 3621 519 3665 esse
541 3603 592 3665 sed
615 3620 650 3664 ex
667 3602 923 3683 grammaticorum
939 3604 1125 3666 institutione
1141 3610 1256 3664 certum
1329 3662 1330 3689 ,

182 3688 268 3753 nohis
283 3698 329 3749 est
342 3694 373 3749 et
385 3684 583 3767 exploratum:
600 3707 660 3767 quo
671 3689 740 3753 satis
752 3688 915 3769 explicatur
926 3708 975 3753 res
987 3689 1120 3755 omnium
1129 3689 1257 3751 maxime

181 3772 313 3847 mirifica,
336 3770 415 3851 quod
436 3771 550 3834 seilicet
571 3774 708 3835 ne-hanc
730 3776 847 3853 quidem
869 3776 1083 3836 versiculorum
1097 3772 1256 3834 fluentium

182 3855 247 3916 sine
261 3855 379 3916 vinculo
396 3873 430 3939 ae
445 3856 634 3919 dilabantium
651 3859 819 3939 congeriem
831 3860 1019 3941 stropharum
1034 3860 1100 3939 lege
1114 3856 1257 3918 coercuit.
