2648 4478
12 172 14 201 l

12 204 14 229 l

12 434 14 463 l

438 213 476 256 on
498 213 600 257 comen
621 214 756 259 nrarsco.
863 193 866 199 ’
1030 198 1034 205 “
1092 203 1131 264 21

110 362 175 443 'lbp
189 364 248 427 597
274 370 305 425 et
326 364 388 428 865
411 382 472 424 non
495 364 623 426 secunda
646 383 752 427 manus
774 367 806 428 in
821 367 954 446 margine
969 368 1134 450 adscripsit,

69 449 120 509 sed
138 448 236 528 prima,
259 449 289 510 id
312 449 391 530 quod
414 467 475 510 non
499 449 610 510 nullius
632 459 678 511 est
698 452 851 513 momenti.
895 454 1014 533 scripsit
1036 466 1134 537 autepi

69 541 219 594 atramento
230 534 373 613 nigriore,
386 534 490 595 additis
505 534 610 595 litteris
625 535 796 610 initialibus
813 545 880 617 post
894 539 1038 619 scriptum
1054 540 1133 601 ride·

69 617 133 680 licet
150 618 263 680 librum.
299 618 488 680 idemPeteri
510 618 837 697 erroeraed.1090;
864 625 954 690 1123.
989 623 1042 685 ΗΟ
1059 626 1131 687 919.

69 703 123 775 no;
149 688 370 794 uomere.
396 706 435 766 lo
458 706 551 779 (reete
569 702 626 773 uo
652 705 756 782 arao).

109 786 155 848 ΗΟ
179 790 239 852 160
262 792 356 851 oiu'uo
380 787 508 850 Nabatae
530 789 651 850 caluam
677 789 776 868 dira'pit

46 866 170 947 fultima
191 873 272 935 vocis
296 873 390 935 littera
413 892 488 953 quae
511 873 625 935 videtur
646 892 662 936 o
684 874 777 935 luisse
798 874 916 938 lineolis
931 878 1025 939 deleta
1040 897 1131 959 supra

69 959 200 1037 scriptum
223 978 241 1020 o
262 975 303 1018 m.
325 958 411 1020 tertia
434 951 482 1030 Εἴ.
518 959 627 1019 etenim
650 977 686 1020 ex
707 963 800 1022 or‘ca‘uo
823 955 916 1042 (quod
940 971 1054 1023 certum
1077 968 1132 1039 est)

68 1043 185 1104 secunda
214 1053 249 1104 ut
276 1042 393 1104 ridetur
413 1061 519 1104 manus
540 1045 611 1105 lecit
631 1048 757 1120 uicinus,
786 1045 900 1107 adiecto
923 1048 1131 1127 compendiolo

68 1122 194 1207 Laupra
215 1128 370 1190 inductam
392 1128 532 1203 litteram,
562 1129 641 1208 quod
667 1129 778 1209 putarit
800 1148 816 1191 o
839 1150 904 1193 esse
927 1132 979 1212 qui
1001 1132 1133 1195 codicem

68 1213 191 1273 contulit.

142 1316 166 1357 r.
190 1297 253 1361 639
277 1294 323 1356 vel
342 1296 422 1357 mille
442 1308 532 1359 secent
553 1316 627 1359 oron
649 1297 745 1359 coloni

67 1373 104 1442 ‘se
122 1384 282 1456 amancio,
311 1381 362 1442 scd
391 1381 487 1442 statim
514 1381 642 1442 correxit
663 1375 735 1442 ΕΓ.
779 1381 917 1445 librarius
939 1383 1019 1445 aliud
1040 1404 1132 1465 agens

68 1498 106 1510 —
124 1468 197 1547 quod
225 1467 373 1527 innocens
390 1466 589 1546 interpolandi
606 1485 701 1546 genus
719 1467 770 1543 (cl.
795 1486 826 1547 p.
845 1471 876 1545 5)
899 1467 1133 1548 deprehenditur

70 1551 142 1612 etiam
156 1571 181 1613 v.
195 1554 269 1626 895,
291 1549 342 1611 ubi
364 1551 484 1631 scripsit
504 1552 631 1614 tbicstcm
653 1557 727 1614 titan
747 1553 826 1631 fucit
846 1571 902 1632 pro
920 1557 979 1632 apsa
996 1574 1042 1616 mc
1057 1558 1132 1615 titan

68 1636 149 1714 supin
179 1645 286 1698 contra
311 1654 337 1695 r.
361 1636 421 1698 907
453 1655 514 1697 non
546 1637 666 1718 scripsit
694 1635 841 1716 opitulum
869 1638 921 1698 sed
949 1637 1132 1719 conpbiuiom

70 1721 240 1802 turpinum:
264 1739 301 1782 ex
314 1720 409 1800 prima
431 1721 539 1800 syllaba
560 1741 615 1802 per
630 1721 839 1801 compendium
855 1721 964 1802 scripta
980 1724 1009 1784 2.
1025 1741 1131 1784 manus

69 1805 212 1869 lecito-
226 1823 283 1887 pro
298 1825 337 1866 m.
354 1817 444 1868 secent
464 1825 537 1867 urvo
559 1807 654 1869 coloni
673 1806 794 1886 scripsit
815 1827 854 1868 m.
869 1826 899 1868 sc
913 1813 1080 1870 centaurum
1095 1827 1129 1883 c,

69 1890 102 1952 de
114 1892 263 1954 Centauris
279 1890 391 1953 scilicet
405 1892 572 1966 somnians;
592 1911 648 1954 nec
662 1891 791 1953 correxit
805 1910 948 1969 errorem,
971 1894 1023 1955 sed
1039 1912 1130 1973 super

70 1977 188 2056 iposuit
208 1997 238 2038 u.

141 2070 228 2141 atque
257 2061 330 2121 baec
352 2060 422 2121 satis
444 2069 531 2121 eruut
554 2079 720 2140 superque;
743 2061 775 2122 in
798 2060 927 2122 editione
949 2080 1019 2123 vero
1041 2063 1129 2123 ador·

71 2146 153 2208 nanda
179 2165 212 2207 ea
240 2154 356 2208 tantum
385 2145 555 2207 adserentur
584 2165 659 2226 quae
688 2147 724 2212 ad
753 2145 989 2208 constituendam
1016 2148 1129 2228 primae

68 2247 161 2292 manus
178 2232 335 2293 lectionem
353 2230 516 2292 necessaria
532 2239 633 2292 erunt:
657 2231 799 2311 pleraque
814 2249 848 2291 ac
862 2233 1022 2312 praecipue
1038 2251 1129 2312 quae-

70 2332 184 2395 cumque
205 2317 335 2378 secunda
358 2315 456 2377 aliisve
477 2316 615 2377 manibus
637 2335 673 2377 ex
691 2315 812 2377 diversis
827 2315 995 2398 interpolati
1012 2318 1129 2397 generis
1213 2358 1215 2361 v

69 2401 271 2480 exemplaribus
294 2400 441 2479 adscripta
463 2397 533 2462 sunt
556 2401 678 2462 omnino
701 2401 875 2462 abicientur.

143 2485 200 2547 lam
222 2486 258 2547 ad
281 2485 413 2564 graviora
436 2504 491 2547 nos
512 2495 668 2547 vertamus.
701 2503 806 2565 magna
821 2486 900 2546 enim
915 2485 1130 2566 scripturarum

70 2569 151 2631 moles
176 2572 219 2632 rel
246 2570 317 2632 inde
345 2589 361 2632 a
383 2568 532 2631 Gronorio
558 2571 603 2631 vel
626 2571 657 2632 in
681 2570 838 2632 novissima
860 2571 978 2632 demum
1000 2570 1129 2632 editione

73 2651 183 2716 Etrusco
201 2655 351 2730 tribuitur,
374 2664 499 2735 qualum
522 2656 553 2717 in
576 2655 641 2735 ipso
662 2655 739 2717 libro
755 2674 810 2717 nec
824 2654 888 2716 vola
903 2675 959 2718 nec
973 2655 1129 2736 vestigium

71 2749 186 2817 apparet.
216 2740 301 2802 cuius
323 2740 367 2801 rei
387 2758 474 2801 causa
496 2742 526 2802 in
547 2760 583 2803 eo
598 2741 785 2821 potissimum
807 2740 862 2802 sita
885 2748 929 2801 est
951 2740 1030 2820 quod
1053 2741 1129 2801 Gro-

72 2823 177 2899 novius,
198 2827 287 2886 bomo
316 2825 449 2886 omnium
478 2825 589 2905 optime
617 2826 653 2887 de
677 2827 735 2887 boc
757 2833 844 2903 poeta
865 2824 1007 2900 meritus,
1036 2824 1075 2884 ita
1097 2823 1128 2884 in

72 2905 148 2969 buius
167 2910 277 2972 codicis
299 2910 428 2972 lectione
453 2910 599 2971 enotanda
624 2921 658 2972 et
679 2907 892 2990 promulganda
915 2917 1046 2969 versatus
1075 2918 1128 2985 est,

72 3000 101 3050 ut
124 3002 240 3056 tautum‘
260 3014 323 3056 non
345 2994 437 3056 malae
458 2994 586 3069 fraudis,
614 2997 759 3076 pessimae
781 2994 884 3072 utique
906 2992 1060 3055 socordiae
1081 2995 1129 3055 in·

73 3080 203 3141 cusandus
232 3081 280 3141 sit.
333 3079 471 3159 explicari
500 3090 597 3141 autem
619 3079 740 3161 plurimi
763 3078 828 3140 eius
850 3096 965 3140 errores
987 3087 1130 3158 poterunt

73 3160 145 3222 siin
170 3164 355 3244 excerpendo
384 3164 486 3225 codice
508 3165 695 3226 coniecturas
717 3181 836 3244 quoque
864 3182 939 3242 quae
972 3164 1027 3225 sibi
1057 3164 1128 3225 sub-

71 3248 189 3309 venerint
215 3248 343 3327 margini
371 3267 439 3310 eum
468 3248 620 3322 intulisse,
648 3259 750 3330 postea
778 3266 847 3309 vero
871 3249 940 3310 dum
970 3249 1129 3310 editionem

72 3342 155 3407 parat,
182 3352 230 3395 eas
252 3333 284 3395 in
306 3332 521 3413 scripturarum
544 3350 669 3396 numero
691 3333 829 3396 babuisse
851 3335 1013 3409 sumimus;
1039 3342 1068 3394 at
1090 3353 1129 3394 ne

71 3413 107 3474 sic
124 3417 237 3494 quidem
260 3418 358 3480 omnia
380 3419 450 3479 satis
472 3416 666 3498 explicantur.
698 3418 804 3481 deinde
826 3416 977 3480 novissimi
1000 3416 1129 3479 editores

73 3515 145 3576 quam
166 3503 241 3564 nacti
263 3512 335 3565 sunt
356 3503 553 3565 conlationem
581 3504 619 3565 ita
641 3503 676 3565 ad
699 3503 916 3566 Gronovianam
938 3501 1128 3582 redegerunt,

39 3605 42 3611 ·
71 3591 98 3643 ut
121 3587 258 3667 quidquid
286 3587 322 3648 ab
351 3587 403 3649 illo
431 3587 572 3663 relatum,
601 3607 617 3649 a
650 3588 756 3650 Petero
790 3607 852 3649 non
883 3587 1009 3648 relatum
1040 3597 1128 3663 esset,

71 3662 152 3731 Peteri
171 3672 374 3751 neglegentiae
400 3673 597 3753 imputarent:
624 3673 654 3734 id
681 3675 760 3754 quod
783 3682 863 3734 certe
886 3691 947 3732 non
969 3672 1058 3733 nimis
1080 3691 1128 3734 re-

71 3753 297 3828 prehendendum
321 3758 417 3819 estin
439 3758 482 3818 eis
504 3757 556 3837 qui
578 3757 760 3820 diversorum
779 3758 898 3819 testium
920 3757 977 3819 nde
999 3757 1054 3819 niti
1076 3758 1128 3819 de-

70 3831 189 3915 buerint;
211 3859 388 3922 quamquam
404 3841 502 3904 Peteri
524 3843 684 3920 silentium,
707 3854 740 3907 ut
762 3844 872 3905 lactum
887 3851 932 3905 est
947 3843 1129 3923 ubicumque

71 3918 195 3987 dronorii
216 3944 337 4006 quoque
358 3926 562 3989 testimonium
583 3927 738 3990 deficiebat
753 3929 805 4006 (a),
827 3927 931 4008 utiquo
946 3930 1127 3992 enotandum
