2776 4476
199 684 444 752 ovmnnuvs
473 638 750 750 snvnnuvnu
765 683 998 750 rnrnnnroo
1012 626 1110 765 ‘nee
1140 683 1172 750 s,

234 872 381 944 Quoniam
412 889 520 934 nouam
543 871 673 933 Senecae
701 870 866 932 fabularum
888 871 1092 933 recensionem
1122 869 1220 930 denuo

153 958 323 1021 examinatis
353 957 504 1021 codicibus
532 957 593 1018 lere
622 956 799 1031 absoluisti,
821 955 903 1017 nolui
933 973 1033 1016 carere
1062 955 1221 1016 editionem

151 1040 256 1121 Tuam,
279 1041 330 1105 Vir
332 1042 528 1153 Rectissime,
551 1042 728 1104 lectionibus
743 1034 853 1103 codicis
876 1040 1011 1120 rescripti
1026 1040 1221 1118 Ambrosiam,

152 1128 238 1189 cuins
253 1106 342 1188 libri
350 1126 546 1207 antiquissimi
569 1127 772 1207 apographum
795 1125 951 1189 Mediolani
975 1125 1099 1187 conieci.

234 1212 325 1277 Sacra
354 1212 499 1293 scriptura
528 1212 638 1275 codicis
668 1210 852 1275 Ambrosiam
875 1210 900 1272 G
923 1211 963 1273 82
992 1210 1105 1272 ordinis
1134 1229 1222 1293 supe-

154 1298 243 1359 rioris
265 1298 383 1359 saeculo
406 1307 440 1358 ut
455 1297 573 1359 uidetur
588 1304 694 1358 octauo
710 1297 813 1377 scripti
829 1295 964 1357 continet
977 1295 1069 1356 libros
1085 1303 1224 1375 quattuor

152 1382 267 1463 Regum
289 1382 329 1445 ita
352 1382 473 1459 diuisos,
493 1391 529 1442 ut
550 1383 665 1462 primus
688 1391 717 1443 et
739 1381 887 1443 secundus
910 1380 1118 1460 comprehensi
1142 1381 1223 1460 prie-

153 1486 226 1540 rem,
247 1468 352 1529 tertius
375 1477 404 1530 et
426 1475 548 1547 quartus
573 1465 876 1546 itemcomprehensi
898 1466 1092 1545 posteriorem
1115 1466 1223 1528 librum

155 1553 294 1617 eliieiant.
324 1553 401 1614 Vsus
416 1562 478 1614 erat
492 1553 528 1629 is,
551 1554 602 1632 qui
621 1552 808 1623 saeros‘illos
830 1550 922 1611 libros
944 1550 1109 1630 descripsit,
1132 1568 1224 1613 mem·

153 1638 254 1699 branis
269 1656 304 1699 ex
320 1638 421 1700 codice
435 1634 573 1701 Plautino
588 1637 792 1716 antiquissime
808 1636 924 1716 petitis3
948 1652 1022 1714 quae
1044 1653 1111 1699 eum
1127 1635 1224 1698 abluta

153 1723 281 1811 pristina
302 1722 462 1803 'scriptura
472 1722 630 1785 admodum
653 1732 758 1783 tenues
780 1722 871 1785 laetae
894 1731 1011 1795 essent,
1033 1737 1101 1800 pars
1124 1739 1225 1783 earum

154 1826 259 1870 sacro
268 1818 432 1870 atramento
459 1806 657 1871 accedente
650 1826 725 1869 iam
741 1808 805 1887 ipso
839 1806 965 1867 saeculo
992 1814 1096 1867 octauo
1125 1806 1225 1867 foedas

155 1902 255 1972 egerat
276 1890 373 1972 rimas.
408 1894 520 1972 ltaque
543 1893 646 1955 eodem
669 1893 786 1953 saeculo
810 1900 931 1965 octauo,
961 1909 1029 1952 cum
1051 1892 1225 1971 praesertim

155 1979 275 2039 madere
298 1998 331 2041 ac
354 1979 412 2040 situ
429 1998 489 2039 nen
505 1997 615 2058 paucae
629 1977 817 2041 membranae
840 1985 997 2057 corruptae
1020 1983 1129 2051 essent,
1152 1977 1226 2038 alius

155 2062 276 2143 quidam
298 2064 487 2127 amanuensis
510 2063 570 2139 (uel
586 2062 634 2124 alii
650 2063 768 2143 quidam
784 2063 991 2136 amanuenses)
1014 2072 1043 2123 et
1059 2079 1148 2142 supra
1164 2081 1225 2123 nen

156 2167 278 2228 paucos*
292 2166 397 2211 uersus
419 2147 614 2210 feraminibus
642 2148 847 2228 pessumdatos
869 2147 977 2222 uerba,
1011 2164 1085 2226 quae
1108 2146 1138 2209 in
1162 2147 1226 2228 ipso

157 2242 298 2299 contextu
321 2234 405 2297 sacro
427 2234 526 2295 minus
548 2233 702 2295 commode
725 2231 783 2313 legi
801 2251 900 2330 'posse
921 2232 1111 2307 uiderentur,
1140 2250 1227 2312 repe-

156 2313 234 2395 tinit,
257 2327 287 2380 et
307 2339 362 2403 pro
386 2327 452 2380 octo
475 2318 663 2394 membranis,
686 2337 762 2417 quae
778 2319 866 2383 nimis
880 2335 1015 2396 magnam
1037 2279 1131 2378 labebr
1154 2337 1226 2380 cen-

156 2411 322 2481 traxerant,
352 2420 445 2465 nonas
468 2403 619 2467 substituit
646 2405 753 2485 partim
776 2422 811 2464 ex
841 2403 943 2466 eedice
973 2403 1098 2482 gethei)
1114 2398 1228 2482 partim

158 2507 194 2550 ex
208 2489 337 2551 Senecae
357 2486 574 2568 tragoediarum
597 2489 698 2550 codiee
720 2489 835 2570 petitas.
865 2489 893 2550 ls
916 2488 966 2567 qui
989 2487 1106 2549 saeculo
1122 2496 1227 2550 octauo

156 2574 216 2634 boc
238 2576 325 2636 modo
349 2575 490 2636 uolumen
514 2593 630 2636 sacrum
651 2593 708 2654 sup
731 2573 819 2638 lende
842 2573 1074 2670 redintegrauit,
1097 2573 1133 2634 ad
1156 2592 1227 2654 sup-

158 2659 337 2751 plementa
329 2679 360 2721 ιι
383 2668 450 2720 octo
473 2660 530 2723 illis
552 2659 631 2720 loliis
649 2593 809 2743 scribenda
824 2677 908 2720 usus
913 2666 957 2719 est
979 2658 1144 2737 scripturae
1159 2660 1227 2721 cha-

159 2755 272 2806 ractere
284 2763 330 2818 eo,
346 2763 434 2823 quem
447 2745 706 2824 anglosaxonicam
719 2736 827 2806 uocare
839 2743 1089 2819 consueuimusil,
1102 2762 1229 2825 eumque

159 2829 195 2889 ad
216 2838 353 2891 octauum
368 2829 519 2891 saeculum
534 2830 721 2891 referendum
745 2847 809 2890 esse
832 2829 917 2889 docet
939 2824 1077 2888 similium
1094 2829 1229 2890 codicum

160 2915 350 3010 comparatio
379 2913 433 2974 Vbi
458 2916 549 2976 codex
564 2933 647 2976 sacer
661 2915 850 2994 conscriptus
872 2913 919 2986 sit,
943 2911 1108 2973 nescimus:
1132 2932 1230 2992 neque

161 2999 240 3060 enim
263 3007 343 3065 certo
365 3000 640 3073 constat,undc1n
663 2998 869 3081 bibliothecam
885 2996 1106 3061 ambrosianam
1121 3016 1229 3078 perue-

160 3083 249 3145 nerit
277 3083 361 3146 Bobii
385 3103 452 3145 eum
476 3085 676 3165 conscriptum
701 3103 765 3146 esse
788 3093 818 3145 et
837 3081 929 3162 uulgo
959 3081 1083 3145 credunt
1111 3094 1140 3144 et
1162 3082 1230 3148 inde

159 3168 313 3249 probabile
339 3171 387 3246 fit,
418 3170 497 3249 quod
518 3170 592 3231 rude
619 3187 653 3231 ae
674 3188 779 3250 parum
802 3169 931 3253 elegans
944 3167 1108 3248 scripturae
1126 3186 1230 3247 genus,

157 3271 222 3337 *qno
243 3254 311 3315 libri
333 3254 446 3351 Regum
468 3256 575 3317 exarati
595 3263 674 3328 sunt,
697 3272 905 3316 amanuensem
927 3271 989 3314 non
1013 3252 1117 3316 italum
1139 3255 1231 3316 fuisse

161 3339 319 3418 persuadet
327 3341 368 3416 ⁸),
397 3340 527 3438 itemque
556 3358 651 3419 genus
673 3341 837 3420 scripturae
862 3339 1141 3418 anglosaxonicam,
1171 3357 1230 3419 que

159 3423 366 3535 supplementa
381 3424 458 3486 illa
451 3425 578 3504 insignia
594 3436 673 3499 sunt,
696 3425 747 3486 uix
761 3423 934 3486 amanuensi
950 3443 985 3485 ex
999 3423 1081 3485 ltalia
1104 3425 1230 3486 oriundo

176 3600 179 3615 ¹
229 3591 252 3656 ⁶¹)
271 3588 357 3642 Τιίιιιιι
375 3590 507 3658 loliorum,
531 3607 597 3657 qnae
615 3591 666 3644 huc
681 3593 824 3673 pertinent,
848 3588 998 3658 scripturam
1024 3590 1133 3657 geticum
1153 3588 1232 3642 edidit

160 3657 278 3711 dedicas
296 3659 459 3726 Uppstrdm'
452 3675 479 3712 ιιι
501 3660 568 3712 libro
585 3660 630 3727 qul
650 3660 796 3713 inscribitur
815 3659 937 3723 „Codices
955 3658 1038 3710 Getici
1055 3658 1231 3711 Ambrosiam‘

159 3726 276 3781 llolmiae
293 3732 320 3779 et
336 3726 477 3795 Lipsiaea.
492 3730 563 3781 1868
581 3743 643 3797 pag.
654 3732 700 3783 95.
1315 3741 1318 3746 ·

232 3794 253 3858 2ι
271 3795 344 3849 Geni.
362 3810 429 3862 quae
447 3794 523 3848 dixi
516 3811 542 3847 ιιι
559 3795 648 3848 Museo
665 3797 786 3848 Rheueno
805 3796 856 3847 uel.
875 3794 930 3847 XXl
948 3782 1007 3862 pag
1027 3797 1075 3849 dte
1089 3808 1164 3875 seq.

233 3862 254 3927 8)
273 3863 343 3914 Gens.
375 3862 470 3916 codicis
496 3864 633 3932 imaginem
660 3858 831 3932 photographi
854 3869 907 3915 arte
930 3867 1062 3930 exceptam
1087 3863 1114 3913 iu
1136 3811 1233 3930 {enge-

163 3930 238 4050 {be
235 3931 274 4053 {cli
287 3936 312 3983 et
320 3931 509 3985 wattenbachii
521 3932 649 4001 Exemplis
661 3933 780 3985 Codicum
793 3932 937 3984 Latinorum
950 3930 1142 4029 (Heidelbergee
1157 3934 1232 3996 toto)
