2776 4476
157 204 194 280 Vl
267 260 273 269 a
612 237 772 280 PRAEFATIO

158 408 227 451 nem
241 406 497 470 persequeremur,
520 386 589 449 satis
611 387 700 449 habui
723 388 798 449 duos
813 385 1006 448 bibliothecae
1021 387 1231 468 Lugdunensis

156 474 249 535 libros
270 468 376 553 magna
398 492 465 535 cum
488 473 624 535 comitate
646 473 682 534 ab
697 471 872 533 inlustribus
886 471 1082 534 bibliothecae
1095 473 1230 535 modera-

157 558 271 621 toribus
287 559 347 621 huc
361 559 578 635 transmissos1)
593 557 726 636 integros
741 558 878 618 conterre
895 554 1057 638 eorumque
1071 557 1230 619 lectionem

157 645 193 705 ad
216 643 378 723 scripturas
400 661 468 705 cum
490 643 608 705 aliunde
630 662 645 704 a
667 660 714 704 me
738 642 867 721 virisque
894 641 988 703 doctis
1009 641 1230 721 Wollenbergio

159 734 208 807 (ex
223 728 375 790 codicibus
390 727 627 799 Turonensibus)
642 727 744 788 Paullo
759 730 806 803 (ex
821 726 1048 804 Loblmrioiano)
1063 726 1229 804 Zingerleio

158 817 204 890 (ex
220 813 476 890 lnnsbruclriensi)
499 819 651 892 excerptas
672 821 735 874 tum
759 811 890 890 aLipsio
906 811 1089 874 Commelino
1111 811 1228 893 Rapho-

157 899 256 979 lengio
272 897 372 960 llelrio
387 898 536 960 Gronorio
558 906 588 958 et
608 897 745 976 inprimis
766 895 924 958 aGrutero
948 904 1079 959 enotatas
1102 898 1228 976 exigere.

157 985 200 1045 sio
222 984 397 1063 plerumque
419 984 537 1045 testium
560 1000 709 1045 consensu
732 981 855 1061 pristina
878 982 1066 1062 interpolatio
1089 1000 1121 1044 se
1143 1001 1228 1062 prae-

156 1068 252 1130 bebat.
283 1068 462 1147 ubicumque
481 1068 512 1129 in
535 1067 671 1129 lectionis
693 1066 889 1145 discrepantia
912 1066 1038 1128 dubitari
1061 1067 1158 1146 potuit
1179 1086 1229 1128 re-

157 1160 276 1215 tustone
299 1152 341 1214 illi
363 1172 401 1214 an
425 1153 540 1214 novicio
562 1151 768 1231 interpolatori
783 1151 929 1232 scriptura
945 1152 1041 1232 aliqua
1062 1152 1228 1229 deberetur,

154 1238 253 1299 littera
276 1258 296 1316 ς
318 1256 391 1300 usus
414 1256 496 1311 sum;
519 1255 594 1317 quae
609 1237 660 1298 ubi
675 1255 744 1298 oum
758 1236 782 1297 A
798 1246 910 1298 certare
933 1237 1046 1298 videtur
1067 1237 1227 1298 indicatum

158 1322 237 1384 volui
267 1331 333 1383 utra
360 1322 507 1401 scriptura
535 1321 717 1402 probabilius
746 1322 780 1382 sd
810 1330 957 1383 vetustum
986 1322 1228 1401 interpolatorem

157 1408 319 1470 referatur:
344 1408 433 1469 unius
454 1407 610 1470 alteriusve
625 1407 736 1468 codicis
757 1407 959 1468 testimonium
983 1425 1129 1485 nusquam
1145 1407 1227 1469 attuli

158 1493 216 1554 nisi
230 1493 307 1554 lorte
322 1491 394 1553 ltalo
411 1493 571 1554 correctori
587 1492 712 1554 leliciter
727 1509 816 1572 opera
832 1493 930 1553 cessit.
957 1493 1058 1553 eadem
1073 1492 1169 1554 littera
1183 1495 1228 1571 (ς)

157 1578 303 1639 notandae
318 1577 491 1638 ridebantur
513 1576 697 1658 corruptelae
718 1578 825 1638 borum
841 1576 975 1638 codicum
999 1595 1147 1645 consensu
1169 1587 1229 1639 tra·

157 1664 235 1725 ditae
256 1663 472 1743 verborumque
494 1663 603 1724 formas
625 1670 786 1724 metrumne
801 1663 996 1735 destruentes,
1020 1680 1094 1742 quac
1110 1680 1178 1723 cum
1193 1680 1229 1723 ex

157 1748 257 1810 eadem
286 1749 433 1828 scriptura
454 1766 530 1827 quae
552 1749 584 1810 in
606 1747 734 1809 Etrusco
757 1756 940 1827 compareret
963 1747 1107 1827 originem
1132 1748 1228 1828 cepis·
1339 1788 1343 1795 -
1376 1736 1377 1745 ’

112 1824 119 1841 ’
157 1843 233 1909 sent,
255 1841 334 1894 certe
357 1851 418 1894 non
440 1832 478 1894 ab
499 1833 709 1913 interpolatore
724 1830 748 1893 A
762 1842 866 1912 poetae
879 1832 977 1893 verbis
991 1832 1098 1893 inlatae
1113 1841 1228 1907 essent3

157 1917 259 1998 quales
280 1917 391 1997 ubique
407 1924 528 1979 enotare
543 1936 651 1998 operae
673 1916 801 1998 pretium
825 1936 886 1978 non
909 1926 980 1978 erat.
1010 1917 1091 1979 valde
1114 1916 1230 1978 dolebat

157 2003 236 2083 quod
259 2003 294 2063 ad
317 2001 475 2065 lectionem
497 2004 521 2064 A
543 2002 653 2064 rectius
675 2002 911 2079 cognoscendam
940 2021 1001 2063 non
1030 2003 1099 2084 satis
1128 2002 1228 2064 auxilii

156 2086 315 2168 praebebat
337 2087 453 2168 Peiperi
476 2096 505 2149 et
530 2086 662 2149 Richteri
691 2087 849 2148 adnotatio.
893 2088 944 2167 qui
972 2102 1040 2149 oum
1070 2088 1228 2149 editionem

158 2172 293 2233 Aldinam
323 2192 403 2234 anno
429 2176 509 2237 1517
539 2173 575 2234 ab
598 2171 778 2251 Hieronymo
808 2173 931 2234 brantio
962 2180 1090 2233 curatam
1117 2172 1228 2233 consti-

156 2258 283 2320 tuendae
304 2257 417 2336 vulgari
438 2257 559 2319 lectioni
580 2257 806 2319 tundamentum
828 2257 1026 2332 adhibuerint,
1048 2257 1088 2320 ita
1111 2262 1146 2320 ut'
1165 2258 1229 2319 eius

157 2361 225 2405 cum
243 2341 327 2403 libris
349 2343 404 2403 ‘vel
419 2342 558 2404 omnibus
580 2343 625 2404 rel
646 2341 784 2421 pluribus
805 2341 850 2403 rel
872 2360 933 2404 nno
949 2351 979 2403 et
999 2341 1100 2404 altero'
1123 2343 1228 2422 (prael.

157 2448 187 2509 p.
209 2431 317 2503 mm)
337 2445 517 2490 consensum
539 2427 635 2490 littera
656 2428 694 2502 A,
718 2426 917 2508 discrepantes
939 2427 976 2489 ab
997 2427 1044 2488 illa
1067 2429 1230 2506 scripturas

156 2514 252 2575 littera
275 2523 305 2595 ψ
328 2512 473 2588 notarim,
502 2513 645 2574 sescentis
671 2512 748 2573 locis
776 2512 867 2575 unius
895 2512 1049 2574 alteriusve
1072 2512 1150 2575 docti
1165 2511 1227 2574 ltali

156 2599 308 2660 inventum
323 2606 358 2659 ut
377 2597 411 2674 A,
433 2597 581 2677 vulgarem
604 2598 761 2659 lectionem
784 2606 818 2659 ut
837 2608 867 2680 ψ
890 2596 1044 2659 dederunt.
1088 2599 1229 2660 drantius

157 2684 237 2746 enim
260 2691 289 2745 et
310 2683 374 2762 ipse
389 2682 480 2745 multa
503 2682 666 2745 emendarit
689 2683 731 2759 (in
754 2682 862 2762 quibus
885 2700 990 2744 causae
1013 2683 1087 2743 nihil
1109 2692 1153 2745 est
1175 2701 1229 2745 cur

156 2787 265 2831 nomen
289 2769 353 2831 eius
374 2768 549 2849 laudemque
571 2769 758 2844 reticeamus)
780 2775 811 2829 et
831 2767 930 2831 multis
952 2767 1134 2830 ecodicibus
1156 2786 1227 2829 con-

157 2855 284 2917 iecturas
305 2854 415 2934 probas
437 2872 600 2934 pravasque
622 2853 744 2932 recepit.
788 2871 848 2931 quo
871 2854 980 2914 lactum
1003 2861 1102 2915 estut
1127 2853 1227 2927 multa,

158 2958 233 3019 quae
255 2940 333 3018 apud
354 2939 512 3020 Peiperum
535 2945 563 3000 ct
578 2932 749 3000 Richterum
764 2938 788 2999 A
803 2938 937 3014 audiunt,
961 2937 1048 3000 nobis
1069 2947 1120 3000 aut
1142 2937 1227 3000 omit·

156 3024 243 3086 tenda
266 3036 316 3084 aut
337 3023 424 3103 signo
446 3022 625 3085 modestiore
649 3043 670 3102 ς
691 3023 818 3085 notanda
840 3023 960 3085 tuerint

241 3107 388 3169 Traditum
408 3109 565 3170 lectionem
581 3109 710 3169 virorum
726 3108 881 3169 doctorum
895 3109 1028 3188 meisque
1049 3107 1229 3169 coniecturis

156 3193 314 3255 emendare
335 3192 445 3255 studui.
491 3192 565 3254 nibil
593 3194 625 3257 in
654 3193 811 3254 verborum
842 3200 1012 3255 contextum
1040 3191 1143 3254 admisi
1169 3191 1227 3253 nisi

157 3279 236 3358 quod
266 3284 317 3339 aut
345 3288 425 3341 recte
454 3277 593 3340 traditum
622 3287 671 3339 aut
700 3277 887 3340 emendatum
916 3286 1003 3340 esset.
1047 3278 1121 3340 nihil
1153 3293 1227 3338 con-

156 3363 278 3426 iecturis
299 3362 403 3424 lacessi
426 3381 531 3443 passus
553 3382 619 3424 sum
639 3364 719 3442 quod
740 3374 791 3425 aut
813 3362 999 3426 emendatum
1014 3362 1163 3424 rideretur
1177 3370 1229 3423 aut

156 3456 332 3530 corruptum
356 3467 422 3510 esse
445 3467 507 3510 non
529 3456 631 3530 posset
651 3448 780 3530 probari.
824 3457 854 3509 at
875 3448 950 3510 locis
972 3466 1048 3528 quos
1070 3456 1228 3527 corruptos

156 3553 222 3597 esse
244 3533 371 3614 probare
393 3552 522 3616 possem,
546 3533 702 3596 emandare
724 3552 785 3595 non
807 3552 944 3614 possem,
967 3550 1086 3594 crucem
1108 3531 1228 3612 adpinxi

157 3629 187 3682 et
217 3620 405 3683 coniecturas
434 3619 546 3681 subieci
573 3626 624 3681 aut
652 3638 758 3695 unam,
787 3619 812 3680 si
843 3619 924 3681 nulla
951 3636 1044 3698 aeque
1066 3616 1228 3698 probabilis

228 3837 248 3902 ¹)
265 3837 327 3890 God.
345 3837 391 3889 lat.
407 3836 466 3891 ldE
484 3851 542 3889 ann.
558 3841 633 3902 1440,
650 3820 695 3905 qdi
713 3834 855 3904 descriptus
873 3840 912 3890 est
929 3837 956 3890 in
974 3836 1085 3890 editione
1102 3834 1228 3903 Lipsieusi

154 3921 179 3973 p.
197 3918 304 3968 xxxviii,
321 3907 347 3956 et
365 3904 421 3956 cod.
439 3904 465 3955 in
483 3903 516 3957 de
534 3904 643 3958 fletouu
659 3920 729 3969 xxiv,
748 3908 763 3958 2
781 3904 826 3958 iol.
844 3907 938 3957 memb.
956 3920 1015 3957 sun.
1036 3908 1102 3958 1444
1122 3903 1166 3971 qni
1181 3909 1225 3965 ¹est

155 3977 200 4022 aut
217 3971 361 4024 Vossianus
378 3971 500 4023 Gronorii
517 3979 563 4025 sut
580 3974 693 4027 eiusdem
711 3972 844 4041 gemellus.
