2648 4478
167 207 207 269 74
536 218 574 260 on
594 219 724 263 nnncvun
746 216 869 262 onrado.

128 446 133 453 ⁸
166 372 240 435 alius
263 371 372 432 chorus
393 368 553 432 inducitur.
600 368 661 431 noli
684 378 782 431 tamen
804 378 907 448 putare
931 370 977 432 his
1006 388 1127 450 quoque
1149 371 1242 433 rebus

166 455 381 519 continuatoris
402 472 522 516 manum
543 454 683 528 indicari;
714 454 825 536 qnippe
848 454 934 515 cuius
956 456 1074 533 generis
1102 457 1242 518 homines

166 550 398 604 consentaneum
420 540 459 601 sit
480 539 511 600 in
534 538 641 600 talibus
663 547 817 601 auctorum
839 556 963 602 suorum
983 548 1012 602 et
1027 541 1241 622 exemplarium

164 626 284 706 vestigia
302 643 447 707 premere,
469 643 531 685 non
547 624 697 686 audaciam
712 624 748 685 ab
770 624 827 686 illis
849 623 973 688 alienam
995 625 1052 686 sibi
1074 626 1241 706 indulgere.

251 711 344 773 dicam
366 710 445 789 quod
468 708 574 771 sentio.
617 709 762 787 integram
784 708 820 771 de
842 708 979 772 Herculis
1000 720 1096 773 morte
1121 720 1241 790 tragoe-

166 795 241 857 diam
265 795 395 857 scribere
416 795 529 857 Seneca
551 794 583 855 io
605 803 705 856 mente
727 812 788 856 non
811 794 929 870 habnit;
958 795 1090 874 singulas
1117 814 1240 858 scaenas

165 880 293 960 scripsit,
316 879 435 942 alteram
457 879 495 941 de
512 878 676 957 virginibus
695 897 731 941 ex
747 878 884 941 Oechalia
899 879 1033 943 abductis
1045 882 1094 957 ¹⁶),
1116 881 1241 942 alteram

165 965 201 1027 de
223 964 377 1027 Deianirae
398 963 551 1044 zelotypia.
593 982 680 1043 quam
703 964 880 1044 opinionem
898 983 934 1027 eo
956 964 1086 1028 stabilire
1108 964 1241 1028 conabor

165 1060 198 1113 ut
224 1061 343 1130 praeter
372 1049 529 1111 Herculem
562 1068 683 1111 scaenas
715 1049 855 1129 quasdam
889 1067 945 1111 noc
977 1050 1127 1130 integrum
1160 1070 1239 1130 opus

165 1135 326 1197 efficientes
349 1153 404 1197 nec
426 1151 565 1213 umquam
588 1134 624 1195 ad
646 1134 859 1214 perficiendum
882 1134 1039 1197 destinatas
1054 1136 1085 1198 in
1101 1137 1239 1197 manibus

164 1238 220 1281 nos
248 1227 350 1281 tenere
379 1219 541 1281 ostendam.
585 1218 614 1280 id
643 1219 723 1299 quod
750 1220 901 1300 propriam
928 1220 984 1282 sibi
1006 1219 1240 1300 disputationem

164 1303 299 1384 requirit.
330 1362 333 1369 .

252 1471 283 1535 ¹⁶)
301 1470 393 1524 similis
410 1483 503 1522 scaena
521 1470 606 1523 forsan
625 1471 736 1524 extiterit
753 1472 779 1522 in
798 1485 828 1523 en
847 1471 977 1540 tragoedia
996 1485 1072 1539 quam
1087 1471 1192 1524 Ovidius
1210 1472 1239 1524 in

163 1539 247 1591 animo
265 1539 343 1591 habet
365 1538 430 1591 trist.
449 1537 485 1604 ll,
502 1542 552 1592 4⁰5
578 1541 629 1591 duc
653 1540 708 1591 Iole
727 1540 879 1606 Pyrrhique
899 1556 1013 1607 parens,
1041 1540 1092 1592 due
1113 1540 1238 1591 Herculis

163 1623 250 1671 unom-
274 1607 346 1659 cuius
368 1611 545 1674 argumentum
564 1607 629 1658 idem
648 1608 724 1658 fuerit
741 1605 809 1675 qood
827 1607 895 1660 lonis
914 1606 1101 1676 Eurytidarum.
1135 1607 1237 1660 coniec-

163 1679 236 1727 turae
254 1675 385 1743 auspicem
396 1679 422 1725 el
431 1680 560 1727 auctorem
590 1675 697 1727 coleram
710 1691 742 1728 ex
757 1674 927 1728 bibliothecae
940 1675 1083 1728 Bonnensis
1099 1676 1239 1743 exemplari

162 1741 220 1794 libri
238 1743 409 1795 Wnlclreriani
425 1742 459 1794 de
476 1691 614 1810 tragoedis
633 1744 739 1809 graecis.
774 1743 847 1796 cuius
865 1760 890 1811 p.
912 1746 977 1797 1432
995 1757 1055 1796 orae
1072 1743 1186 1796 interiori
1203 1745 1237 1797 ad

162 1810 362 1864 haechlckeri
380 1811 470 1863 verba:
488 1804 630 1863 ‘Deianira
647 1812 851 1865 untarsclu'adca
869 1828 921 1863 oon
931 1812 995 1876 Iole,
1013 1828 1070 1863 aona
1086 1813 1163 1863 nicht
1174 1812 1238 1864 lrlar

162 1873 206 1930 a'st’
227 1878 379 1946 adsumptam
396 1878 508 1944 invenio,
526 1879 575 1931 nisi
593 1879 756 1932 irehemcnter
773 1879 856 1943 fallor,
874 1879 971 1947 egregii
989 1880 1063 1932 amici
1081 1880 1238 1933 meletiam

162 1947 194 1998 dc
213 1946 364 1998 Graecorum
383 1946 512 2012 tragoedia
534 1947 598 1998 bene
623 1947 706 1999 meriti
730 1962 805 2000 manu
828 1947 879 1999 lere
897 1948 988 2015 puerili
1005 1948 1172 2000 rectissimam
1191 1947 1237 2000 ad·

162 2014 332 2065 notationem:
349 2010 582 2065 ‘wadraedcinlicl
602 2015 645 2065 die
662 2015 717 2066 Iole
735 2019 763 2065 in
782 2015 952 2082 cerdindung
968 2019 1018 2067 mit
1036 2016 1084 2067 dar
1095 2018 1238 2068 alcandrae
1320 2042 1321 2047 =

162 2097 214 2133 oon
234 2082 356 2134 Oichalia
374 2085 425 2133 wic
442 2087 471 2134 ira
491 2079 733 2150 consumendos&
