2686 4482
557 680 663 756 Ἥ.

156 1001 197 1061 lle
212 999 329 1060 ratione
345 1017 420 1078 quae
435 1000 514 1062 inter
526 1001 656 1062 Senecae
671 1001 835 1080 tragoedias
852 1002 1038 1081 tragicosque
1054 1003 1145 1064 Grae·

74 1104 173 1151 corum
195 1092 299 1165 poetas
321 1083 484 1146 intercedat
505 1085 710 1166 disputaturus
732 1086 800 1150 nota
824 1087 966 1165 quaedam
987 1087 1144 1168 praefanda

74 1171 170 1235 video:
187 1168 336 1248 siquidem
353 1170 387 1231 de
404 1170 584 1248 quaestionis
599 1171 798 1233 fundamentis
814 1179 949 1235 constare
963 1180 1030 1234 ante
1046 1172 1145 1235 omnia

74 1264 197 1335 oportet.
235 1254 397 1319 cavendum
419 1265 516 1317 autem
532 1265 649 1336 praeter
664 1265 760 1318 cetera
775 1254 889 1319 videtur
904 1277 943 1319 ue
958 1258 1025 1339 quis
1041 1258 1143 1321 eodem

73 1341 193 1402 similive
224 1338 348 1400 consilio
377 1338 520 1405 Senecam
548 1340 681 1420 poeticae
709 1359 829 1421 operam
858 1342 973 1404 dedisse
1005 1342 1145 1422 opinetur

74 1444 129 1504 quo
144 1424 291 1486 Pacuvius
313 1423 359 1485 vel
373 1423 494 1487 Plautus
516 1425 691 1505 exemplaria
714 1444 818 1506 graeca
841 1437 1060 1507 expresserunt.
1095 1426 1143 1488 ille

72 1511 147 1571 enim
178 1528 237 1573 nec
265 1517 385 1570 secutus
413 1519 458 1572 est
479 1510 607 1575 Graecos
634 1519 752 1591 praeter
779 1520 950 1590 argumenta
980 1520 1010 1572 et
1039 1512 1143 1590 utique

72 1613 130 1656 non
159 1593 301 1673 tragicam
330 1613 443 1656 musam
473 1595 654 1659 carminibus
683 1597 745 1659 suis
773 1596 923 1676 adspirare
957 1597 1057 1673 iussit,
1091 1596 1143 1657 sed

70 1679 282 1747 scholasticam.

154 1763 205 1844 qui
229 1772 297 1826 ante
320 1764 512 1827 novissimum
534 1764 642 1827 liberae
658 1765 701 1826 rei
739 1765 853 1829 oblicae
868 1764 1017 1827 saeculum
1033 1765 1143 1826 Romae

69 1850 234 1931 tragoedias
259 1848 454 1929 scripserunt,
477 1848 609 1912 versibus
632 1868 699 1912 vere
717 1784 820 1915 decinis
842 1869 1012 1929 graecarum
1031 1849 1143 1913 fabula·

70 1953 134 1996 rum
156 1954 219 1995 non
242 1943 415 2013 argumenta
437 1943 551 1996 tantum
573 1936 624 1996 sed
646 1953 744 1996 mores
761 1950 879 2014 quoque
895 1943 924 1996 et
939 1935 1059 1997 affectus
1074 1935 1143 1996 red-

71 2019 217 2083 diderunt.
262 2019 291 2083 id
320 2037 355 2079 eo
385 2020 478 2098 magis
504 2019 683 2082 laudandum
714 2029 758 2081 est
786 2039 845 2101 quo
874 2020 1005 2100 apertius
1028 2020 1142 2082 Ennius

71 2105 168 2166 saltem
199 2111 229 2164 et
250 2104 358 2165 Accius
386 2104 416 2165 in
445 2106 632 2183 praetextatis
663 2105 880 2169 demonstrasse
909 2104 1045 2166 videntur
1069 2105 1140 2183 quid

9 2252 10 2255 ,
71 2189 182 2253 Italicae
206 2206 308 2251 musae
330 2198 477 2268 praestare
500 2198 632 2271 possent.
670 2190 721 2271 qui
744 2191 823 2270 quod
841 2189 933 2251 artius
949 2190 1035 2252 etiam
1051 2188 1141 2253 Grae-

71 2293 170 2339 corum
194 2273 338 2352 exemplis
361 2293 391 2335 se
414 2273 634 2339 adstrinxerunt
655 2294 743 2356 quam
759 2274 863 2336 comici
879 2283 994 2354 poetae,
1017 2275 1080 2336 eius
1098 2275 1140 2336 rei

71 2378 152 2427 causa
176 2360 208 2419 iu
231 2359 399 2436 tragoediae
421 2369 522 2420 natura
546 2359 600 2421 sita
619 2368 672 2420 est.
710 2378 776 2429 nam
799 2361 829 2421 in
845 2358 955 2439 privata
970 2360 1026 2421 vita
1042 2360 1141 2422 iocose

9 2456 11 2523 p
70 2443 207 2506 imitanda
229 2443 400 2505 inveniendi
422 2444 551 2506 officium
575 2455 679 2525 poetae
701 2445 830 2526 primum
854 2454 882 2505 et
899 2444 951 2507 uui
967 2454 1071 2525 poetae
1086 2445 1141 2506 im·

9 2536 10 2541 ’
69 2531 195 2608 positum
226 2536 304 2603 erat3
335 2529 386 2608 qui
415 2538 448 2591 ut
476 2548 550 2591 nova
580 2548 698 2610 semper
724 2538 753 2592 et
774 2529 903 2593 inaudita
925 2530 1071 2592 inveniret
1092 2547 1141 2593 res

70 2613 129 2695 ipsa
157 2611 424 2693 conpatiebatur:
456 2633 564 2694 genera
591 2616 733 2697 quaedam
757 2623 998 2693 argumentorum
1021 2622 1049 2676 et
1071 2632 1140 2694 per-

9 2736 10 2743 1
71 2717 208 2761 sonarum
230 2698 401 2775 extiterunt,
424 2698 500 2762 intra
516 2719 591 2780 quae
606 2718 704 2761 mores
720 2701 837 2761 eosdem
854 2710 883 2760 et
897 2699 1018 2761 affectus
1033 2698 1140 2760 leniter
1218 2768 1221 2779 Δ

9 2820 11 2835 ·
70 2785 175 2845 variare
206 2793 236 2845 et
265 2783 348 2844 novis
376 2784 525 2846 coloribus
555 2785 716 2865 depingere
738 2803 851 2846 summa
874 2802 921 2845 ars
944 2793 1014 2844 erat.
1058 2783 1140 2861 atqui

9 2868 10 2919 i
71 2867 271 2931 Romanorum
299 2868 402 2929 comici
432 2881 499 2929 cum
526 2870 556 2930 in
580 2869 719 2931 iuvenum
742 2868 908 2942 amoribus,
938 2875 1055 2947 patrum
1078 2867 1140 2941 iris,

9 2960 11 3023 ῑ
69 2951 147 3017 laetis
169 2954 346 3032 securisque
368 2954 570 3033 angustiarum
593 2954 746 3016 eventibus
760 2972 823 3015 rem
839 2952 1016 3032 plerumque
1030 2952 1139 3014 versari

9 3058 10 3061 ¹
69 3037 215 3119 viderent,
242 3038 308 3105 sine
336 3055 443 3116 magno
474 3039 592 3118 negotio
616 3048 645 3100 et
666 3040 814 3105 interdum
835 3038 936 3101 forsan
960 3037 1003 3101 rei
1026 3038 1139 3101 emolu-

9 3144 10 3147 *
71 3132 166 3187 mento
187 3117 339 3191 ‘ardentes
360 3122 482 3187 iuvenes
504 3132 661 3205 raptasque
684 3126 714 3186 in
738 3142 837 3185 amore
852 3121 966 3204 puellas
981 3124 1140 3202 elusosque

9 3212 10 3221 ’
71 3224 152 3270 senes
180 3208 333 3288 agilesque
362 3201 417 3293 per
445 3209 543 3273 omnia
571 3200 681 3274 servos'
705 3227 740 3271 ex
766 3228 824 3270 nna
846 3206 944 3269 fabula
966 3208 998 3269 in
1020 3207 1139 3273 alteram

9 3316 10 3357 r
71 3293 263 3367 transtulere,
294 3311 415 3361 scaenas
444 3293 558 3357 scaenis
587 3305 736 3363 mutavere
764 3293 809 3355 vel
831 3292 861 3354 in
884 3292 1030 3355 tenuioris
1052 3311 1138 3373 argu·

70 3379 157 3440 menti
179 3378 431 3461 complementum
452 3379 638 3449 arcessirere.
676 3379 756 3459 quod
778 3397 845 3440 cum
866 3377 970 3439 Graeci
993 3395 1138 3456 nusquam

70 3472 97 3523 el
121 3482 286 3542 numquam
315 3463 440 3525 iecerint
460 3497 502 3508 —
525 3464 619 3527 utitur
645 3464 724 3537 enim
754 3462 925 3525 Aristoteles
954 3461 1005 3522 illo
1035 3469 1067 3522 ut
1095 3463 1139 3524 rei

9 3550 11 3553 ’
70 3547 153 3691 plane
175 3547 320 3615 absurdae
344 3546 478 3629 exemplo
500 3560 579 3630 poet
606 3551 716 3625 lelbb'5
739 3550 778 3613 30
797 3581 846 3623 -,
870 3545 988 3626 tragicis
1007 3565 1045 3607 ue
1060 3547 1138 3626 apud

9 3640 11 3659 ¹
95 3651 215 3695 omanos
245 3633 364 3713 quidem
388 3652 563 3696 concessum
593 3644 663 3696 erat.
709 3650 836 3712 namque
865 3649 941 3711 quos
968 3628 1010 3690 illi
1037 3629 1139 3691 sectati

71 3727 137 3783 suot
156 3718 325 3798 tragoediae
348 3736 469 3798 graecae
492 3719 643 3803 principes
665 3719 790 3783 heroum
813 3733 977 3796 regumque
999 3714 1071 3777 actis
1088 3715 1138 3776 de·

71 3819 152 3867 orum
179 3804 267 3866 latire
294 3813 370 3865 autu
398 3805 575 3884 perpetratis
603 3805 663 3865 sive
689 3802 842 3865 exantlatis
864 3809 958 3862 certas
980 3801 1089 3861 formas
1112 3810 1142 3863 et

72 3882 221 3950 duraturas
243 3888 418 3962 induerunt,
438 3897 475 3950 ut
495 3898 523 3950 et
545 3896 718 3973 argumenta
736 3898 765 3949 et
778 3901 925 3968 personae
939 3886 970 3947 in
986 3893 1139 3966 posterum

72 3980 252 4035 constarent:
277 3993 309 4035 ea
332 3974 369 4035 de
391 3991 423 4035 re
445 3982 591 4037 certamen
617 3983 678 4036 erat
700 3975 779 4036 inter
800 3971 977 4051 Sophoclem
1002 3982 1030 4033 et
1050 3971 1139 4039 Euri·

886 4071 935 4123 to*
