2686 4482
457 250 493 291 nn
516 247 676 292 raucorum
698 249 868 292 narremus.
1141 237 1201 297 159

122 399 155 460 in
181 398 321 477 Aegistho
344 399 504 478 repetierat
524 402 604 476 (nam
627 399 697 461 dcci
720 399 860 478 Aegistho
884 408 1091 479 argumentum
1114 402 1199 463 Elec-

76 518 82 523 ·
123 492 189 545 trae
217 483 384 546 subiectum
411 484 503 545 luisse
532 485 673 559 videtur),
701 483 849 564 Thyesten
872 484 1004 561 Ennius,
1035 485 1142 547 Accius
1168 487 1198 548 in

123 571 215 630 Atreo
239 575 266 630 et
287 569 403 643 Varius,
426 569 556 630 Troadas
571 569 678 630 Accius
701 576 730 629 et
751 571 876 631 sortasse
898 569 1014 632 Ennius
1037 571 1068 632 in
1084 573 1199 632 Andro-

122 653 228 715 macha
252 654 486 729 dechmalotide,
515 653 646 715 Medeam
668 653 785 715 Ennius
808 654 914 716 Accius
938 653 1073 729 Ovidium
1103 657 1199 717 Phoe·

123 738 222 799 nissas
246 747 275 800 et
289 738 447 800 Herculem
464 738 604 800 Oetaeum
627 739 676 800 hic
698 748 862 818 praetereo.
900 740 997 801 omnia
1020 760 1089 802 vero
1111 760 1199 820 argu-

121 831 223 885 menta
250 824 305 886 ista
334 843 397 884 eam
426 823 463 885 ob
493 842 610 885 eausam
633 825 776 886 Senecam
804 823 860 885 sihi
883 824 1007 903 elegisse
1029 835 1109 905 patet
1131 826 1199 906 quia

122 910 154 969 iu
179 908 237 968 illis
252 908 359 971 summi
374 909 506 984 allectus,
529 927 612 970 amor
626 908 669 970 im
685 908 778 983 dolor,
797 918 826 971 et
854 909 1033 972 atrocissima
1057 911 1198 989 facinora,

122 992 282 1072 parricidia
304 1001 334 1055 et
356 993 497 1068 incestus,
521 994 632 1073 ubique
654 994 752 1055 locum
774 1001 918 1056 tenerent

208 1079 282 1139 haec
303 1085 400 1140 autem
422 1079 639 1159 tragoediarum
661 1087 834 1158 argumenta
858 1079 964 1141 intacta
989 1090 1022 1142 ut
1044 1099 1059 1139 a
1079 1078 1198 1150 Graecis

121 1174 243 1242 accepta
271 1171 372 1239 erant,
400 1165 509 1226 servari
538 1164 594 1225 iam
623 1183 685 1224 non
714 1183 791 1243 opus
819 1175 890 1228 erat.
934 1164 1051 1226 namsi
1077 1174 1197 1226 externa

121 1248 212 1308 modo
234 1249 304 1309 artis
326 1257 482 1329 praecepta
505 1257 694 1325 tenerentur,
724 1249 797 1311 nihil
823 1249 879 1311 iam
901 1250 1043 1313 intererat
1065 1249 1143 1312 inter
1165 1269 1197 1312 se

121 1332 222 1394 omnia
244 1334 301 1395 rite
323 1335 498 1409 cohaerere,
526 1352 721 1413 personarum
749 1334 932 1413 singularum
956 1353 1053 1396 mores
1074 1340 1196 1415 actaque

121 1425 205 1480 recte
226 1426 256 1479 et
278 1428 448 1480 constanter
471 1419 626 1498 explicari,
655 1417 727 1483 nihil
755 1416 883 1499 denique
905 1419 950 1500 agi
975 1420 1055 1499 quod
1077 1440 1137 1482 non
1161 1440 1196 1481 ex

120 1504 299 1564 necessitate
325 1503 447 1583 quadam
469 1506 588 1569 evenire
609 1504 767 1566 uideretur.
804 1503 861 1565 iam
880 1523 1027 1567 summum
1044 1505 1194 1584 negotium

121 1599 185 1651 erat
212 1588 255 1651 sic
284 1590 382 1650 omnia
411 1589 587 1653 contrahere
614 1597 643 1650 et
671 1589 848 1669 amplificare
876 1598 909 1650 ut
937 1608 1023 1669 quam
1047 1589 1195 1650 uberrima

121 1673 304 1734 declamandi
326 1673 511 1736 describendi
532 1674 692 1736 altercandi
714 1674 835 1736 materia
857 1682 886 1736 et
907 1674 991 1736 locus
1013 1682 1194 1754 suppeteret.

120 1759 220 1836 itaque
242 1757 316 1820 lecta
339 1759 435 1838 graeci
451 1768 556 1839 poetae
572 1758 663 1819 nobili
679 1758 776 1820 labala
792 1777 896 1821 novam
912 1778 966 1821 suo
984 1777 1066 1819 more
1082 1759 1194 1821 Seneca

120 1843 289 1921 composuit
310 1862 365 1905 suo
387 1844 542 1925 proposito
557 1844 776 1906 inservientem.
817 1855 851 1906 ut
866 1863 922 1906 nec
937 1844 973 1905 de
989 1843 1123 1906 versione
1139 1863 1194 1906 neo

120 1929 158 1989 de
180 1928 341 1990 imitatione
364 1928 444 2009 loqui
467 1929 575 2008 possis,
597 1929 650 1991 sed
671 1930 707 1990 de
730 1929 927 2008 redintegrata
953 1929 1083 1991 eiusdem
1105 1948 1194 2008 argu-

120 2014 212 2073 menti
241 2014 424 2076 tractatione.
476 2016 533 2075 hoc
561 2014 710 2093 quomodo
740 2015 771 2076 in
801 2012 926 2094 singulis
954 2015 1063 2077 lactum
1093 2015 1130 2077 sit
1158 2034 1192 2075 eo

118 2098 301 2160 luculentius
325 2098 518 2163 demonstrari
534 2099 717 2179 poteritque
734 2099 844 2161 certius
860 2099 895 2163 de
910 2099 1093 2179 singularum
1109 2099 1194 2161 labu-

120 2183 215 2245 larum
239 2184 455 2263 exemplaribus
470 2184 630 2246 constabit:
654 2202 711 2264 qua
728 2180 763 2245 de
779 2203 811 2246 re
826 2184 1003 2264 plerumque
1016 2182 1079 2245 ¹non
1096 2192 1194 2265 potest

119 2268 262 2330 dubitatio
285 2287 360 2345 esse,
383 2270 413 2330 in
437 2270 539 2349 paucis
561 2268 734 2349 explicatius
757 2269 967 2350 disputandum
991 2269 1055 2330 erit.

116 2468 224 2574 {mesos
241 2454 298 2519 ipse
314 2452 419 2506 linxisse
437 2452 545 2516 videtur,
566 2457 596 2503 ut
612 2452 840 2520 Epipausimachen
860 2453 1044 2522 Nyctegresiau
1063 2444 1192 2505 Thebaida

136 2521 256 2574 maiestas
273 2520 542 2586 (contreWelclterurn
561 2536 586 2588 p.
600 2522 675 2585 tuot)
693 2525 718 2572 et
736 2521 841 2574 tortasse
854 2521 984 2582 Hellenas3
1004 2524 1032 2571 ut
1050 2520 1093 2588 qui
1104 2516 1193 2573 Didas-

117 2589 195 2641 calica
213 2589 373 2656 Pragmatioa
392 2587 523 2640 Praxidica
547 2588 676 2654 scripserit
697 2592 722 2640 et
740 2603 829 2655 graeca
849 2589 975 2656 quaelibet
992 2593 1053 2640 tunc
1071 2590 1193 2655 temporis

116 2656 237 2709 Romanis
256 2657 467 2724 reprobaturum
485 2671 542 2708 esse
565 2657 659 2708 scierit.
695 2656 758 2707 haec
780 2657 970 2723 poenitentum
989 2656 1047 2723 qnia
1065 2672 1193 2723 exponere

115 2725 221 2791 longum
241 2730 303 2776 erat.
338 2725 404 2776 addo
423 2725 454 2777 de
472 2725 641 2777 Romanorum
659 2724 802 2790 tragoedia,
821 2730 947 2791 queuntis
964 2724 1065 2790 quidem
1084 2740 1098 2775 a
1117 2724 1192 2777 Grae.

115 2808 203 2846 cortun
222 2793 340 2860 vestigiis
358 2793 511 2858 discesserit,
530 2808 560 2844 ex
579 2793 640 2845 artis
657 2793 828 2847 monumentis
846 2792 909 2845 nihil
928 2792 990 2867 disci
1009 2806 1094 2859 posse.
