2658 4488
533 272 708 318 ndausuuott
747 269 750 272 ’
769 272 771 277 ’

82 421 193 484 incerta
217 421 329 483 dubitat
351 422 429 483 unda
450 424 500 507 eui
523 425 607 485 cedat
628 427 715 487 malo.

67 509 207 587 ‘proinde
221 506 316 581 ,omisi
339 508 470 584 regimen
494 528 510 570 e
533 511 668 572 manibus
691 513 779 572 meis:

81 611 272 674 quocumque
295 593 416 665 moira,
440 611 499 672 quo
522 595 616 667 dolor,
640 614 700 675 quo
723 615 792 675 spes
813 597 898 670 leret,

80 680 141 740 huo
162 679 206 740 ire
227 695 365 757 pergam;
387 678 527 740 lluctihus
548 679 682 743 dedimus
704 693 811 742 ratem:

82 762 133 826 uhi
154 765 270 826 animus
293 770 380 837 errat,
394 763 547 842 'optimum
571 775 615 826 est
635 784 736 827 casum
760 765 856 845 sequi.

78 869 164 911 nvrn.
209 847 297 910 Caeca
322 859 367 909 est
388 849 537 910 temeritas
559 867 635 928 quae
656 852 730 929 petit
752 869 852 912 casum
874 851 990 913 ducem.

80 954 163 997 carr.
208 931 261 993 Cui
284 933 385 993 ultima
409 942 453 993 est
475 935 603 1010 fortuna,
627 936 698 1013 quid
720 935 838 997 dubiam
860 934 965 997 timet?

77 1039 164 1082 uvrn.
208 1018 284 1078 Tuta
307 1027 351 1078 est
374 1017 502 1097 latetque
524 1021 621 1098 culpa,
644 1021 669 1080 si
691 1021 809 1100 pateris,
832 1028 891 1082 tua.

78 1124 161 1167 eurr.
205 1103 342 1164 Perlucet
364 1121 452 1164 omne
473 1105 571 1183 regiae
594 1106 696 1166 vitium
718 1105 834 1166 domus.

78 1208 164 1251 nvrn.
208 1187 292 1266 Piget
312 1187 421 1266 prioris
443 1197 472 1250 et
494 1207 603 1251 novum
626 1191 737 1251 crimen
760 1191 849 1251 struis
858 1187 878 1264 ‘l

79 1293 162 1337 eurr.
205 1273 263 1334 Res
286 1282 331 1333 est
353 1274 487 1351 prolecto
508 1274 597 1336 stulta
619 1275 768 1353 nequitiae
790 1276 905 1336 modus.

78 1378 164 1422 nvrn.
208 1357 294 1430 Quod
315 1358 420 1419 metuit
441 1370 529 1437 auget
551 1360 601 1438 qui
624 1360 722 1420 scelus
744 1359 857 1421 scelere
878 1359 987 1422 obruit.

80 1447 161 1507 dnrr.
205 1444 243 1504 Et
264 1443 376 1503 ferrum
399 1453 428 1504 et
449 1444 527 1522 ignis
549 1463 638 1525 saepe
659 1446 822 1506 medicinae
843 1446 909 1506 loco
932 1457 986 1508 est.

79 1547 163 1593 nvrn.
208 1528 345 1588 Extrema
366 1527 463 1607 primo
486 1546 573 1589 nemo
597 1531 749 1609 temptavit
770 1529 846 1590 loco.

79 1632 161 1676 cerr.
205 1612 356 1692 Rapienda
378 1613 467 1674 rebus
489 1615 520 1674 in
542 1615 627 1675 malis
649 1633 792 1693 praeceps
814 1615 858 1674 via
881 1624 934 1676 est.

78 1717 163 1762 uvrn.
207 1701 245 1758 nt
266 1707 294 1759 te
316 1698 446 1760 reflectat
468 1698 589 1778 coniugi
611 1718 719 1760 nomen
744 1718 870 1761 sacrum.

80 1804 161 1847 cerr.
206 1783 312 1844 Decem
335 1801 389 1862 per
411 1802 505 1844 annos
527 1784 612 1845 vidua
634 1784 788 1863 respiciam
812 1782 929 1845 virum?

79 1888 164 1931 nvrn
207 1867 377 1929 Meminisse
398 1868 488 1929 dehes
511 1869 621 1930 sobolis
643 1888 679 1930 ex
700 1869 751 1929 illo
773 1878 849 1934 luae

80 1972 162 2015 eurr.
207 1953 350 2032 Equidem
373 1962 402 2014 et
423 1954 536 2032 iugales
558 1955 633 2016 filiae
655 1954 776 2015 memini
798 1956 877 2015 faces

81 2048 111 2102 et
133 2056 277 2139 generum
298 2037 457 2099 Achillem:
480 2039 628 2135 praestitit
649 2039 734 2100 matri
755 2039 853 2100 fidem.
915 2082 919 2091 ,

78 2116 163 2186 uvrri.
207 2121 341 2184 Redemit
363 2122 411 2183 illa
433 2124 535 2185 classis
557 2123 694 2185 immotae
716 2143 814 2185 moras

79 2217 110 2270 et
131 2208 222 2269 maria
243 2207 328 2287 pigro
350 2209 406 2268 lixa
428 2207 571 2286 languore
593 2210 720 2289 impulit.

79 2312 161 2355 eurr.
205 2292 301 2354 Pudet
323 2293 461 2371 doletque
482 2328 526 2338 -
548 2294 702 2373 Tyndaris,
725 2294 797 2355 caeli
821 2311 926 2373 genus,

78 2377 201 2440 lustrale
223 2377 308 2439 classi
331 2377 454 2439 Doricae
478 2379 580 2458 peperi
604 2387 701 2459 caput.

80 2463 202 2525 revolvit
223 2462 340 2523 animus
362 2462 485 2541 virginis
506 2464 649 2525 thalamos
672 2483 753 2525 meae

56 2542 156 2627 ¹quos
178 2546 227 2609 ille
250 2547 356 2626 dignos
378 2547 497 2627 Pelopia
520 2549 591 2609 lecit
611 2550 709 2623 domo,

80 2652 149 2694 cum
171 2632 250 2694 stetit
272 2633 306 2692 ad
329 2651 393 2695 aras
416 2651 468 2693 ore
490 2634 623 2694 sacrifico
648 2647 731 2709 pater

80 2737 169 2798 qnam
177 2710 354 2814 nuptialesl
393 2718 509 2779 horruit
531 2715 652 2780 Calchas
674 2737 744 2780 suae

80 2821 223 2883 responsa
245 2802 325 2862 vocis
348 2810 376 2864 et
398 2804 570 2864 recedentes
591 2804 718 2868 focosst

79 2887 230 2949 oscelera
253 2906 369 2967 semper
391 2888 554 2949 sceleribus
576 2887 697 2949 vincens
719 2887 834 2959 domus,

79 2991 187 3035 cruore
208 2982 311 3034 ventos
333 2973 468 3048 emimus
490 2973 600 3034 bellum
623 2972 713 3033 necel

79 3058 131 3120 sed
155 3057 216 3118 vela
239 3058 349 3137 pariter·
370 3056 450 3118 mille
475 3059 611 3119 lecerunt
632 3055 732 3119 rates?

78 3161 141 3205 non
165 3150 208 3205 est
231 3142 325 3204 soluta
347 3160 493 3223 prospero
517 3142 619 3203 elassis
642 3143 712 3204 deo:
770 3210 774 3215 ⁴

79 3228 166 3290 eiecit
190 3227 270 3288 Aulis
293 3226 398 3307 impias
422 3238 511 3308 portu
533 3235 621 3288 rates

80 3314 123 3374 sic
145 3313 316 3393 auspicatus
337 3311 412 3373 bella
435 3332 496 3373 non
519 3311 626 3373 melius
649 3311 733 3389 gerit.

80 3415 179 3459 amore
201 3406 303 3476 captae
325 3407 439 3477 captus,
461 3398 601 3457 immotus
623 3414 712 3475 prece
1110 3405 1154 3455 116

80 3481 230 3543 Zminthea
255 3482 350 3542 tenuit
371 3481 465 3561 spolia
487 3481 617 3542 Phoebei
640 3481 730 3554 senis,

170 3666 215 3717 143
233 3664 383 3718 hocli’.—-
401 3662 534 3715 dedamA
623 3667 669 3716 116
687 3663 791 3715 dubium
809 3664 834 3715 Α
922 3662 1110 3729 reserpendi
1129 3663 1154 3713 A

80 3734 129 3784 158
146 3731 179 3783 Et
231 3731 298 3784 idem
315 3732 341 3783 ld
411 3735 468 3784 161).
487 3734 534 3784 161
556 3731 780 3799 Clytaemestrae
798 3732 934 3795 dantur}
1009 3734 1054 3783 161
1075 3731 1154 3796 lango

78 3747 230 3868 inrpulitdd¹
312 3802 358 3853 tot
359 3798 455 3878 ‘pudet
473 3800 596 3867 pigetque
612 3801 637 3851 A
720 3802 767 3853 163
786 3800 885 3867 peperit
903 3800 928 3850 A
1010 3798 1154 3852 16681611-

77 3869 174 3936 legoA
228 3870 275 3922 161
295 3867 367 3936 quasi
386 3872 457 3934 nupt.
475 3870 509 3920 A
525 3896 559 3906 —
578 3867 745 3934 nuptialield.
763 3896 795 3905 —
814 3866 970 3920 chalchasli
1024 3869 1071 3919 110
1090 3867 1154 3918 emi-

78 3952 126 3989 nus
143 3938 168 3988 h·
242 3938 288 3988 111
309 3939 423 3986 nemci
435 3934 822 3999 ἅψις-1161111111
902 3937 950 3988 133
967 3935 1111 3988 eiecitalio
1130 3935 1155 3986 a*

81 4009 128 4059 116
145 4005 260 4058 Phoebei
277 4003 389 4057 ducisA
