2686 4482
413 223 451 264 nn
473 222 598 265 csurrcrs
620 223 806 269 nonrmrms.
1085 213 1144 274 115
1165 280 1169 289 ,

79 373 132 447 sit,
156 391 244 453 quem
264 391 323 452 quo
346 373 465 453 saepius
486 382 612 436 retracto
635 394 669 435 eo
692 376 785 454 magis
805 375 964 438 verisimile
984 377 1078 441 habeo
1102 380 1144 442 sic

79 458 290 520 restituendum
314 476 378 519 esse
402 460 448 535 (ut
469 459 601 538 integros
623 479 726 522 versus
747 462 881 541 integros
902 462 1092 540 adscribamJ:

277 548 453 623 epscopus
475 547 541 605 imis
560 544 683 606 callides
705 547 796 608 editus
840 614 848 634 ⁶

276 647 386 690 annosa
406 646 496 708 supra
515 630 620 693 rodere
641 630 739 693 sibilat
825 680 839 691 .

275 731 417 794 supraque
434 718 524 793 piam

204 844 205 848 ,
275 804 369 860 creuit
391 798 553 860 epauleum
574 809 667 878 ceput,

274 903 339 945 cum
361 886 471 946 meiere
491 888 539 945 sui
555 893 639 963 perte
659 884 832 946 recumberet

76 978 106 1029 ut
132 988 159 1029 v.
185 970 243 1032 728
276 969 405 1030 insertus
433 969 471 1029 sit
499 986 567 1029 cum
591 986 739 1049 ⁴supraque
766 970 797 1030 in
825 981 993 1051 superatque
1020 971 1142 1051 proclivi

77 1071 174 1115 errore
194 1062 339 1115 mutatum
361 1053 459 1115 suerit.
642 1110 645 1117 .

155 1139 222 1201 dein
245 1145 413 1218 spartorum
436 1139 581 1217 originem
599 1147 629 1199 et
643 1157 775 1218 pugnam
789 1140 885 1201 fusius
901 1139 1040 1203 describit
1053 1147 1142 1220 atque

15 1238 16 1305 3
77 1225 105 1285 in
125 1224 225 1297 eadem
246 1222 368 1284 materia
390 1224 556 1297 tractanda,
579 1233 612 1284 ut
633 1225 724 1299 solet,
748 1225 905 1287 transitum
927 1246 943 1287 a
966 1225 1056 1287 mixto
1078 1245 1140 1287 me-

15 1308 16 1331 *
76 1317 184 1370 trorum
198 1326 308 1387 genere
322 1308 357 1369 ad
372 1308 557 1388 anapaestica
572 1308 651 1371 facit.
681 1327 810 1388 quorum
824 1311 856 1372 in
873 1310 1010 1372 confiniis
1025 1311 1140 1390 pridem

76 1394 252 1456 haesitamnt
271 1392 327 1454 riri
343 1392 421 1454 docti
437 1402 466 1454 et
480 1393 546 1454 iure
561 1393 680 1472 quidem
696 1395 726 1454 in
743 1395 987 1476 interpolatorum
1004 1396 1140 1457 codicum

74 1480 232 1559 scriptura,
262 1495 352 1557 quam
380 1486 527 1541 tentantes
555 1479 635 1557 quod
665 1478 738 1539 nihil
768 1481 891 1542 effecere
917 1480 1064 1559 ingeniosi
1086 1481 1140 1540 viri

75 1561 189 1625 Grotius
209 1571 242 1625 et
262 1561 439 1641 Rutgersius
461 1563 506 1639 (V.
523 1562 556 1622 L.
576 1582 606 1642 p.
623 1565 686 1626 426
701 1567 758 1642 sq.)
782 1584 842 1627 non
865 1566 991 1626 mireris.
1022 1565 1139 1626 Etrusci

15 1648 16 1675 ³
74 1649 245 1728 scripturam
267 1655 378 1708 rectam
400 1667 465 1710 esse
486 1647 557 1708 vidit
573 1648 757 1723 Gronovius;
781 1669 856 1728 quae
878 1650 1050 1711 offensionis
1066 1648 1139 1712 nihii

15 1802 16 1821 ἦ
74 1734 222 1812 praeberet
244 1734 269 1794 si
293 1750 359 1793 cum
382 1732 547 1813 anapaestis
570 1733 716 1796 sententia
739 1753 800 1796 non
815 1736 981 1815 interrupta
997 1734 1140 1813 coniungi

15 1836 16 1887 ξ
75 1828 184 1897 posset:
207 1839 234 1881 r.
253 1819 316 1881 733

271 1905 368 1963 sonuit
388 1902 497 1980 reflecto
520 1902 668 1964 classicum
692 1922 783 1966 corae

272 1986 415 2067 lituusque
436 1988 547 2048 adunco
568 1988 704 2050 stridulos
725 2000 825 2050 cantus

271 2070 345 2133 elisit
366 2089 442 2134 uere.
485 2091 546 2134 core
567 2083 634 2134 cute
655 2071 769 2152 lippum

270 2156 359 2235 upilio
380 2167 406 2218 et
429 2175 480 2218 oro
502 2161 578 2218 uocis
599 2162 712 2237 iponem

270 2242 542 2322 datumoptimum
564 2242 668 2304 tostico
689 2246 803 2322 auperti

269 2330 388 2406 npms’ua
409 2344 522 2406 campos
543 2339 778 2406 copcctateoeut
800 2346 826 2387 e.
843 2344 872 2405 q.
888 2347 912 2387 s.

74 2411 119 2471 sed
139 2413 197 2472 hoc
218 2411 284 2472 fieri
307 2430 368 2472 non
391 2420 503 2490 potest3
526 2431 595 2473 nam
617 2421 651 2472 ut
671 2417 789 2491 apmine
810 2424 929 2491 copuotc
944 2412 1138 2492 appositionis

15 2548 16 2551 ,
72 2495 127 2556 rice
156 2496 192 2558 ad
219 2501 333 2577 auperti
358 2496 497 2557 accedere
526 2497 635 2576 possit,
666 2516 775 2559 nomen
799 2497 982 2559 desideratur
1003 2515 1063 2576 quo
1085 2498 1139 2558 ad-

73 2580 202 2642 iectirnm
225 2586 340 2661 experti
358 2588 485 2660 regatur.
528 2583 627 2660 itaque
649 2581 680 2642 in
703 2592 797 2645 metro
820 2583 996 2644 sententiam
1018 2600 1138 2663 quoque

15 2728 16 2747 ξ
73 2666 216 2729 muninari
239 2665 431 2727 iudicandum
454 2674 508 2726 est.
548 2668 588 2728 ita
610 2685 678 2728 vero
701 2669 798 2729 statim
821 2675 943 2747 apparet
964 2669 1137 2747 incorrupta

74 2751 183 2829 quidem
205 2751 280 2813 haec
301 2750 388 2811 rerba
412 2769 477 2812 esse
499 2745 643 2829 (linguas
658 2771 720 2814 non
736 2760 821 2814 antea
835 2753 926 2830 agiles
942 2761 970 2812 et
985 2770 1035 2813 ora
1051 2752 1136 2829 igno·

72 2843 124 2896 tam
150 2854 253 2897 vocem
283 2835 434 2896 fundentia
463 2837 593 2915 primum
616 2837 727 2917 experti
751 2837 879 2897 clamore
902 2828 1055 2911 bellico'),
1085 2836 1136 2897 sed

71 2937 182 2983 manca:
214 2919 399 2982 desideratur
428 2920 507 2981 enim
529 2920 650 2982 verbum
674 2934 717 2996 et,
746 2921 886 3000 quoniam
912 2921 949 2982 de
970 2919 1039 2981 viris
1062 2919 1137 2981 nihil

72 3005 133 3066 dum
155 3006 356 3085 comperimus
378 3008 416 3082 (v.
432 3007 492 3069 731
516 3006 577 3085 sete
599 3006 681 3069 tellus
702 3012 791 3087 impio
809 3017 899 3086 portu
914 3007 1016 3087 effudit
1030 3006 1135 3083 erma),

72 3107 199 3166 nomen3.
210 3091 267 3164 rel,
290 3098 324 3150 ut
338 3090 422 3151 aliter
437 3090 515 3151 idem
531 3090 634 3167 dicam,
657 3091 807 3173 intercidit
823 3092 881 3153 hoc
895 3091 958 3151 iere
973 3089 1136 3152 sententiae

73 3176 319 3255 supplementum:
343 3169 539 3259 [puppemque
561 3177 674 3238 desideret
695 3175 798 3239 tellure
820 3171 897 3259 uoti]
919 3193 979 3238 nore
996 3188 1062 3239 aute
1077 3176 1137 3238 lim

71 3277 133 3336 puae
159 3261 247 3340 epideo
275 3272 302 3321 et
331 3279 383 3322 ore
405 3296 447 3305 -
469 3260 591 3322 clamore
612 3265 743 3341 primum
763 3261 867 3323 hostico
890 3254 1020 3342 emporii?
1067 3262 1135 3323 dein

71 3345 173 3425 pergit:
197 3349 316 3426 npminc
337 3364 450 3426 campos
472 3359 590 3425 topanta
611 3359 714 3409 teneat.

147 3431 277 3509 deniqne
293 3431 405 3502 ,cantici
427 3432 516 3491 finem
538 3432 686 3511 inspicere
708 3430 860 3506 debemus,
882 3431 950 3492 licet
970 3431 1135 3508 anapaestis

71 3515 271 3596 compositum,
293 3524 327 3576 ut
342 3515 557 3577 sententiarum
574 3516 709 3578 ordinem
724 3521 804 3578 recte
819 3514 1015 3577 aestimemus.
1046 3523 1134 3592 atque

15 3604 17 3651 4
70 3597 101 3659 de
119 3619 144 3661 v.
161 3604 221 3665 751
246 3618 292 3679 sq.
316 3600 427 3678 aliquid
441 3599 512 3661 vidit
527 3599 670 3680 Peiperus
684 3600 730 3662 vei
745 3601 844 3681 potins
859 3599 967 3662 sensit:
991 3598 1133 3659 nimirum

69 3681 133 3746 haec
147 3704 215 3747 cum
231 3684 478 3765 praecedentibus
493 3704 555 3748 non
571 3687 739 3749 cohaerere.
770 3696 799 3748 at
812 3684 962 3765 aptissime
977 3683 1134 3745 Actaeonis

69 3766 118 3829 iata
144 3771 176 3832 in
204 3770 264 3830 hoc
292 3769 424 3831 carmine
452 3782 611 3834 narrantur
639 3780 668 3834 et
696 3772 731 3831 de
760 3771 989 3833 Phoenissarum
1018 3768 1132 3831 cantico

69 3856 174 3916 somnia
197 3856 358 3917 discutient
380 3864 451 3934 puto
476 3875 551 3935 quae
566 3857 602 3918 de
618 3855 732 3917 scaenis
747 3855 805 3918 illis
821 3854 1045 3937 disputavimus
1073 3854 1132 3916 Ha-

69 3936 224 4002 bruckerns
248 3958 369 4019 quoqne
391 3939 548 4020 aPeipero
570 3942 601 4003 in
624 3959 755 4003 errorem
778 3961 810 4003 se
833 3941 938 4003 deduci
960 3959 1064 4021 passus
1088 3949 1133 4002 est

891 4040 927 4092 8*
