2686 4482
180 252 241 314 106
450 267 488 310 nn
510 266 734 311 auaranaroutn
756 266 973 311 comourmun.

381 423 420 480 ite
441 424 588 492 innocuae,
611 436 681 498 poor
702 422 850 498 inprime

382 503 482 564 limene
501 509 578 566 ottae
598 503 687 565 eninr
708 509 849 583 oppressit

376 592 546 668 potntnqoee
566 590 672 667 furor.-
726 650 730 657 ,

381 678 418 734 ite
439 678 529 735 iratos
549 678 633 736 eren
652 690 740 751 repar.

177 775 249 836 haec
272 774 297 834 si
320 780 400 834 recte
422 774 567 854 disputata
590 783 671 850 sunt,
693 774 723 834 in
748 772 876 834 Hercule
898 773 998 853 priore
1021 773 1117 836 hiatus
1140 782 1170 835 et
1190 774 1258 854 syl·

176 859 240 920 laba
270 877 379 939 anceps
407 868 521 921 tantum
551 859 581 919 in
614 860 672 920 line
701 877 839 919 versuum
862 858 1071 934 inveniuntur;
1101 860 1133 920 in
1154 859 1257 922 media

177 945 323 1006 sententia
350 946 407 1008 170

379 1029 482 1090 modale
503 1027 607 1106 vulpot
624 1031 629 1103 Ι
648 1045 724 1089 euro
749 1030 892 1089 tumidum

177 1123 206 1174 et
231 1116 312 1177 1056
379 1112 491 1175 mobilis
512 1114 600 1187 unm,
621 1111 626 1193 Ι
646 1125 731 1194 topne
752 1125 818 1176 unte
843 1130 939 1174 omnes

176 1214 290 1293 reliqua
318 1213 401 1275 finito
430 1234 530 1275 sensu.
575 1215 784 1295 interpolatum
807 1232 875 1275 vero
899 1233 963 1275 esse
984 1213 1109 1274 vidimus
1131 1232 1253 1275 versum

179 1301 260 1361 1109
277 1299 328 1378 qui
343 1299 378 1359 ad
393 1300 615 1361 antecedentem
632 1300 735 1361 eodem
750 1301 838 1361 modo
853 1300 883 1360 in
900 1297 1051 1360 codicibus
1069 1298 1252 1379 applicatur:

380 1402 459 1463 undo
475 1403 632 1482 profundi,
651 1404 655 1477 l
674 1413 700 1464 et
722 1406 773 1485 qai
792 1402 911 1467 medios.

218 1567 327 1631 Phaed.
351 1572 412 1634 325

379 1656 451 1717 vidit
474 1653 568 1716 Persis
590 1656 695 1735 ditique
715 1656 803 1733 seron

379 1738 470 1818 Lydio
492 1758 579 1819 repno
602 1741 706 1802 deiecta
725 1741 787 1817 seri

381 1836 487 1903 torpa
515 1824 636 1886 leontis
663 1829 893 1905 umerisque,
923 1824 1056 1907 quidus

378 1909 488 1971 redeat
514 1909 568 1970 alti
587 1913 666 1988 rapio
688 1910 767 1995 coeli,

380 2005 493 2055 tenuem
519 1991 604 2072 Tyrio
626 2000 747 2056 stamine
765 1993 876 2072 pollone

176 2078 254 2155 quod
277 2077 429 2157 Peiperns‚
453 2089 486 2141 ut
503 2079 662 2158 ancipitem
678 2078 816 2159 syllabam
832 2079 958 2152 tolleret,
980 2077 1098 2158 scripsit
1112 2081 1251 2159 octiesque

175 2167 283 2224 umeris
305 2163 333 2223 id
357 2163 447 2224 eflicit
467 2171 501 2224 ut
522 2163 653 2242 intellegi
676 2164 706 2224 hi
729 2182 831 2226 versus
853 2165 975 2225 omnino
998 2171 1156 2242 nequeant.
1195 2163 1250 2224 sed

174 2246 260 2307 etiam
277 2246 357 2325 quod
371 2248 496 2309 traditur
511 2249 698 2328 grammatica
714 2259 839 2310 recusat.
868 2248 1047 2326 adquorum
1071 2247 1251 2311 sententiam

173 2332 394 2411 complendam,
417 2342 450 2392 ut
473 2351 554 2395 nunc
575 2334 726 2412 leguntur,
750 2335 806 2397 hoc
828 2332 978 2395 subaudiri
1005 2331 1106 2395 debet:
1136 2333 1252 2393 umeris
1327 2388 1328 2391 ,

172 2415 281 2494 quibus
304 2416 416 2478 caelum
440 2419 554 2479 sederat
576 2418 692 2499 Tyriam
716 2418 822 2499 pallam
845 2416 958 2496 [sedere
980 2417 1071 2494 vidiat
1097 2417 1180 2501 quod
1201 2417 1250 2483 iu·

174 2509 275 2579 eptum
304 2511 363 2562 est:
403 2520 469 2562 nam
501 2505 543 2564 sic
573 2504 649 2583 palla
679 2522 747 2565 oum
775 2503 854 2564 caelo
887 2511 1074 2584 comparatur
1103 2521 1163 2582 quo
1193 2521 1251 2567 nec

173 2585 236 2644 sani
266 2586 425 2665 quicquam
452 2606 508 2649 nec
536 2589 625 2649 huius
647 2588 704 2651 loci
727 2606 851 2651 acumen
873 2586 1065 2671 significatur.
1103 2586 1133 2653 id
1156 2587 1188 2649 in
1212 2606 1249 2648 eo

173 2670 302 2748 positum
326 2681 426 2732 estut
448 2673 560 2746 umeri,
583 2673 634 2752 qui
657 2673 770 2737 caelum
793 2673 925 2753 tulerint,
949 2672 1026 2754 pelle
1048 2671 1143 2735 lerina
1166 2672 1251 2751 digni

173 2774 238 2817 esse
261 2756 407 2829 dicantur,
429 2776 491 2818 non
514 2766 593 2819 veste
609 2757 740 2820 Sidonia.
778 2758 826 2821 hic
845 2776 964 2837 quoque
980 2757 1112 2823 medium
1126 2756 1250 2836 aliquid,

172 2862 188 2901 a
211 2860 270 2919 quo
292 2846 401 2903 umeris
423 2842 558 2922 pendeat,
582 2842 768 2913 intercidisse
790 2851 880 2922 patet,
903 2843 990 2922 quale
1013 2848 1057 2903 esi
1070 2837 1249 2927 [sumptam-

172 2946 224 3006 que
239 2922 345 3024 armis]
355 2929 379 3003 ⁸)
393 2932 553 3007 umerisque
575 2929 676 3008 quidus
692 2929 802 2990 sedern
818 2946 843 2987 e.
856 2946 884 3005 q.
896 2945 932 3001 sa¹
955 2938 997 3007 ut,
1019 2926 1044 2991 si
1060 2936 1247 2989 monometer

172 3010 365 3082 interciderit,
381 3012 411 3071 in
431 3022 648 3072 monometrum
670 3017 790 3075 stamine
807 3011 920 3092 pollone
939 3011 1081 3095 periodus
1096 3012 1199 3087 exiret,
1223 3013 1248 3073 si

174 3096 306 3169 dimeter,
331 3097 361 3155 in
384 3097 540 3159 dimetrum
563 3116 589 3156 v.
612 3098 684 3160 329.

102 3247 110 3261 ,
257 3180 329 3240 alter
360 3180 445 3242 locus
473 3192 518 3244 est
548 3182 578 3242 in
609 3181 711 3245 eodem
745 3181 859 3245 cantico
894 3183 930 3245 de
963 3182 1079 3245 Amoris
1113 3181 1247 3261 potentia

171 3283 196 3324 v·
221 3266 282 3329 338
306 3282 366 3343 sq.:

376 3356 453 3430 eones
474 3352 560 3411 sentit
580 3369 668 3429 penus
690 3348 847 3428 eligendam·
940 3426 943 3430 Α

375 3453 475 3497 venne
497 3430 651 3497 instinctus
669 3439 785 3514 merente
807 3436 907 3501 uaedam

258 3656 280 3719 ⁸)
299 3654 330 3704 cl.
348 3651 421 3704 Ouid.
439 3656 499 3704 met.
515 3652 566 3714 llll,
585 3656 636 3706 396
652 3669 687 3704 en
705 3657 804 3704 umeris
820 3652 1014 3707 mammeam
1034 3652 1200 3718 dependebat
1216 3655 1246 3702 in

23 3714 25 3717 ’
86 3782 94 3788 1
172 3737 269 3772 armos.
286 3750 320 3759 --
337 3720 369 3773 de
387 3721 442 3786 ipsa
460 3720 603 3774 retituet
621 3722 720 3779 fortae
737 3732 860 3775 menae
876 3724 953 3775 manee
970 3736 1007 3775 σω
1021 3723 1122 3773 ameide
1140 3720 1181 3770 leo
1199 3719 1247 3772 de·

172 3804 235 3838 nune
258 3789 364 3853 puellae
386 3789 476 3848 foetur
499 3794 526 3839 et
547 3789 623 3841 alone
648 3789 751 3847 cncidit
766 3789 896 3855 fulcitque
919 3792 1019 3854 pictum
1039 3793 1109 3839 verte
1132 3788 1247 3840 Sidonio

172 3855 261 3908 latur?
288 3855 368 3906 rnen.
378 3855 408 3919 X,
426 3859 476 3908 646
494 3860 534 3906 aio
544 3856 634 3922 Lydio
653 3861 773 3908 coninnn
785 3856 1048 3924 Amphitryoniaden
1060 3861 1171 3906 cnutum
1184 3857 1245 3908 leor—

172 3925 259 3971 rentie
278 3927 355 3984 terge
371 3923 484 3986 perdere
496 3924 622 3975 Sidonios
639 3926 739 3976 nmerie
756 3925 862 3975 uidebat
880 3928 993 3975 amiotus
1009 3930 1037 3974 et
1048 3926 1159 3975 turbere
1171 3923 1247 3974 eolus

172 3992 199 4036 et
216 3993 344 4052 tympana
362 4003 486 4053 rumpere
504 3991 608 4043 demna.
911 4002 913 4005 “
1034 3997 1036 4005 ’
