2686 4482
180 185 239 249 128
519 201 557 243 nrt
579 200 706 243 cuurrcrs
727 200 913 244 ronruurms.

178 363 247 434 post
274 352 412 414 adonium
438 369 464 413 v.
490 352 551 415 595
574 354 611 427 (v.
634 352 670 412 ad
693 352 765 414 Oed.
789 354 864 428 476)
893 352 918 414 51
947 349 1213 431 hendecasyllabos
1247 370 1267 413 5

179 437 307 499 librariis
329 437 471 498 diremtos
494 436 687 512 restituimus,
710 438 740 498 hi
762 455 864 500 versus
887 438 1014 499 evadunt
1036 439 1098 501 596
1120 455 1182 514 sq.:

380 540 443 602 poc
464 522 544 583 elta:
565 521 661 584 551155

383 611 489 668 motum
511 618 604 669 coetos
625 611 707 669 timet
727 617 779 669 eet
799 611 925 668 minaces

383 692 500 754 51515515
521 698 591 762 irus,
612 709 673 753 non
694 695 791 753 555515
812 698 920 772 caperis

383 781 486 838 insono
508 781 590 848 coris,
613 796 673 839 oon
693 781 768 838 acies
788 778 868 854 feror

381 861 583 941 pulvereamve
603 862 708 923 556555

180 966 197 1008 5
220 946 328 1025 quibus
350 965 376 1006 v.
401 948 463 1009 596
486 948 570 1025 prius
592 946 694 1008 5155151
716 947 820 1019 colon,
842 964 868 1006 v.
892 947 954 1008 606
977 954 1046 1006 5515
1070 944 1264 1023 pherecratoi

179 1031 274 1092 lorma
297 1036 342 1093 est
363 1029 465 1110 (Lpdiu
487 1033 743 1111 dispersiones),
766 1048 824 1109 qua
846 1030 959 1092 Seneca
982 1030 1013 1090 in
1028 1030 1160 1090 Phaedra
1179 1048 1263 1091 usus

179 1125 226 1178 est
238 1136 266 1177 v.
282 1118 379 1180 1131:
402 1116 641 1197 imbra'femmpue
655 1135 754 1178 555555
769 1125 799 1177 et
813 1116 890 1176 15155
905 1134 930 1175 5.
946 1117 1024 1178 6645
1049 1116 1265 1177 mmmtmmoe

181 1201 293 1262 bellum.
316 1234 357 1245 —
379 1219 405 1261 v.
424 1202 481 1264 6111

384 1298 492 1347 neotum
513 1286 670 1348 6551551515
691 1290 818 1368 equitum
843 1289 963 1347 catervis

180 1388 250 1431 curn
271 1370 405 1451 sapphici
428 1371 544 1434 numeri
566 1389 690 1452 prorsus
712 1369 854 1432 destructi
877 1370 952 1447 sint,
978 1387 1094 1431 versum
1116 1369 1262 1449 agnosci-

181 1472 248 1515 mus
276 1473 312 1517 ex
339 1456 439 1536 priore
466 1457 641 1536 asclepiadei
669 1465 697 1518 et
719 1456 809 1518 altera
832 1455 966 1536 sapphici
988 1462 1070 1534 parte
1093 1454 1261 1516 edelatum.

181 1539 285 1602 eodem
307 1542 401 1604 utitur
422 1560 448 1602 v.
472 1544 544 1605 614.
567 1543 639 1605 961.

384 1640 418 1688 cet
441 1628 583 1707 quendem
606 1625 744 1688 1155555155
766 1626 863 1687 cecidit
880 1624 1026 1704 pheretro.

384 1712 497 1774 outlioit
517 1717 644 1790 cortitum
665 1715 818 1791 crepitante
839 1711 945 1772 155555.

182 1814 209 1857 v.
232 1798 294 1862 604
317 1816 378 1876 sq.:
798 1816 800 1823 ·

382 1893 549 1960 perrumpet
570 1899 653 1942 omae
673 1883 823 1943 servitium
845 1892 1019 1961 ecmeapror

300 1969 361 2031 605
384 1965 491 2027 1551555
512 1967 638 2029 deorum.

386 2055 436 2132 poi
456 2050 553 2113 5551155
574 2051 737 2112 Acherontis
757 2054 819 2112 atri
838 2055 888 2130 pai
909 2049 998 2130 Stppa
1020 2053 1130 2112 tristem

384 2153 444 2196 non
466 2139 557 2197 tristia
578 2137 655 2198 uidet
676 2136 813 2215 audetque
834 2140 909 2198 altos

380 2238 494 2300 ponere,
509 2222 605 2300 finem.
647 2239 704 2300 por
726 2220 775 2282 ille
794 2226 859 2300 rapt
874 2239 933 2302 por
953 2224 1064 2301 superis
1086 2224 1149 2282 erit.

298 2307 360 2369 oto
383 2323 399 2365 5
421 2324 507 2385 pam
528 2310 667 2368 miserum
688 2319 728 2368 est

384 2408 492 2451 5555555
513 2394 593 2453 mori
1181 2429 1185 2436 ·

180 2476 254 2537 haec
275 2493 372 2553 usque
394 2475 429 2534 ad
451 2476 579 2536 medium
602 2494 628 2535 r.
646 2477 708 2540 609
731 2476 804 2537 15155
820 2477 886 2537 loco
902 2476 1006 2537 tradita
1021 2484 1050 2537 et
1065 2483 1134 2536 ante
1149 2492 1174 2534 r.
1193 2475 1257 2539 593
1333 2478 1334 2493 ³

180 2560 336 2622 inserenda
359 2578 425 2621 esse
446 2559 654 2622 intelleximus.
690 2561 828 2622 versiculi
846 2567 944 2622 autem
959 2579 1028 2623 cum
1042 2568 1158 2641 praeter
1175 2560 1260 2621 ordi·

181 2664 248 2707 nem
271 2645 442 2706 locarentur
463 2645 550 2706 simul
572 2647 680 2706 iactum
703 2656 748 2707 est
775 2653 810 2706 ut
837 2655 954 2725 praeter
982 2664 1122 2708 numeros
1152 2644 1258 2725 ‹lispo-

181 2739 334 2792 nerentnr.
379 2738 408 2791 et
434 2731 513 2791 ultro
535 2731 655 2810 quidem
678 2731 827 2810 prodeunt
848 2749 951 2792 versus
973 2732 1075 2810 quales
1098 2748 1259 2793 enumera·
1332 2772 1333 2787 2

181 2816 276 2878 vimus
299 2835 328 2895 p.
349 2818 424 2878 121:

385 2911 558 2978 maternpter
580 2899 685 2961 1555155
706 2901 825 2962 mmm

384 2990 434 3066 poi
454 2984 551 3046 551155
572 2984 736 3047 Acherontis
757 2990 824 3047 otri.
1331 3048 1332 3057 ,

182 3071 261 3148 quod
290 3071 320 3132 in
351 3070 436 3131 initio
458 3069 593 3130 relictum
617 3078 661 3130 est
682 3088 860 3151 quamquam
881 3070 966 3131 iacile
988 3070 1068 3132 credi
1091 3077 1189 3150 potest
1210 3069 1257 3132 sic

181 3156 281 3234 potius
302 3155 459 3234 legendum
483 3171 561 3214 esse:

384 3242 535 3301 servitium
553 3250 721 3319 permmpet
741 3258 833 3316 omne,

181 3324 256 3385 nihil
276 3333 376 3386 tamen
398 3323 495 3384 obstat
509 3323 669 3402 quominus
684 3324 826 3387 alcaicum
841 3342 959 3388 versum
974 3325 1134 3387 habeamus
1150 3324 1256 3387 ultimo
1330 3348 1331 3355 ¹

182 3409 333 3489 pariamho
355 3408 490 3470 mutilum

382 3505 550 3574 perrumpet
570 3512 654 3556 omne
673 3498 826 3557 servitium

180 3579 230 3640 eui
251 3578 385 3659 proxime
400 3578 514 3641 accedit
529 3578 601 3640 Oed.
616 3580 681 3642 129
695 3584 790 3643 crearit
802 3579 965 3642 mmdeam
979 3591 1073 3660 ceput.
1090 3612 1131 3624 -
1150 3598 1175 3641 r.
1192 3581 1256 3644 666

183 3664 363 3744 relinquitur
384 3664 503 3743 quidem
525 3664 651 3727 adonius

565 3754 616 3830 qui
636 3748 725 3830 Stppa
746 3754 864 3822 15151555,

182 3833 235 3893 sed
256 3850 385 3915 sequens
406 3853 511 3897 versus
534 3828 708 3917 ἅρρυθμος
731 3846 775 3898 est
797 3844 835 3909 et,
859 3843 892 3897 ut
906 3833 1015 3914 syllaba
1032 3852 1144 3914 anceps
1157 3834 1257 3911 docet,

181 3933 284 3977 errore
306 3936 446 3980 conexus.
491 3920 590 3998 itaque
612 3921 685 3982 haec
707 3920 746 3981 ita
768 3919 955 3983 discribentis
976 3925 1064 3981 sunt:
