2776 4476
596 252 754 297 enecuere.
776 226 780 237 ’
1154 237 1214 301 195

138 423 196 484 quo
227 404 256 465 id
283 410 365 471 certe
391 403 527 474 ellectum
549 411 650 464 estut
676 420 736 463 non
759 402 847 464 silvae
869 402 920 469 εει]
942 403 1081 466 silvarum
1102 405 1214 466 lormae

138 508 259 551 nemore
281 489 361 549 nudo
382 488 513 557 investiri
528 488 677 556 dicantur:
701 487 752 566 qui
768 496 814 549 est
827 488 924 551 inanis
939 489 1096 553 verborum
1111 489 1213 564 lusus;

137 574 249 636 accedit
271 583 367 636 autem
391 572 471 652 quod
493 592 555 637 nou
578 573 614 634 de
635 573 789 634 altitudine
814 572 953 634 arborum
983 575 1034 636 sed
1057 574 1094 636 de
1115 593 1214 635 amoe-

138 661 227 721 nitate
250 669 281 719 et
302 659 411 720 decore
430 658 538 738 agitur,
560 676 617 721 nec
639 658 741 719 breves
763 658 814 719 sed
831 658 892 731 ,soti
914 659 1015 721 trunci
1029 659 1111 721 laetis
1127 658 1214 720 arbo·

137 742 220 815 utus
242 753 447 824 opponuntur.
493 743 629 822 sequitur
651 761 768 804 versum
791 743 889 818 istum,
913 762 1130 823 quamcumque
1153 745 1214 804 lor-

137 848 212 909 mam
234 825 423 909 praecedenti
445 827 589 907 indueris¹
611 827 729 889 tolerari
756 846 817 890 non
840 846 937 908 posse.
980 838 1069 910 atque
1092 829 1235 909 minime*

137 914 207 979 mihi
232 914 354 992 ,quidem
378 911 500 981 dubium
518 924 583 988 est,
614 913 686 993 quiu
711 913 864 993 scripserit
884 922 971 993 pocta
994 914 1073 993 quod
1088 913 1211 995 debuit:

333 1009 372 1067 ⁴ut
393 998 468 1061 lueto
486 999 577 1061 silves
597 998 697 1076 forum
719 997 979 1071 cuccumellum,

339 1101 404 1145 eum
424 1101 544 1159 pectore
565 1084 643 1143 uude
663 1088 776 1163 primus
797 1087 913 1159 inoestit
934 1096 1023 1164 tepor.

219 1187 246 1228 v.
263 1169 325 1231 383
349 1185 409 1228 non
433 1168 552 1241 decussit
574 1167 625 1228 sed
647 1169 776 1229 discussit
794 1166 820 1226 u
839 1167 969 1247 praehet.
1006 1187 1040 1230 ac
1062 1168 1123 1229 scio
1146 1169 1213 1248 qni-

137 1252 202 1314 dem
225 1262 254 1314 et
276 1252 437 1331 Vergilium
460 1252 566 1333 dixisse
590 1269 690 1331 georg.
714 1252 751 1329 ll,
774 1255 835 1315 404

338 1338 465 1416 frigidus
487 1348 514 1399 et
535 1337 616 1398 siluis
637 1338 739 1417 Aquilo
762 1339 881 1398 decussit
901 1337 1037 1399 honorem

136 1431 165 1483 et
183 1420 339 1482 lloratium
363 1423 450 1500 epod.
476 1425 524 1495 11,
549 1425 567 1484 5

338 1507 382 1568 dic
404 1511 504 1569 tertius
527 1506 679 1568 lieceuber
700 1525 737 1567 eu
758 1525 812 1586 paco
836 1508 932 1569 destiti

337 1591 454 1660 luccltic
476 1593 575 1670 furere
596 1591 676 1652 siluis
697 1591 832 1653 docorem
854 1594 958 1667 decutit

137 1687 167 1740 et
188 1676 261 1739 alios
282 1676 404 1750 similia3
432 1678 483 1737 sed
506 1677 618 1737 Seneca
641 1675 717 1736 Med.
742 1681 802 1740 715

336 1773 387 1824 eut
408 1763 503 1842 rigide
524 1779 589 1823 cum
610 1766 670 1823 ictu
692 1760 795 1823 bulmo
816 1762 946 1823 discussit
968 1761 1050 1822 decus

134 1845 185 1907 ubi
209 1847 274 1908 sine
296 1846 472 1908 necessitate
493 1846 660 1907 Gronovius
682 1848 845 1920 deessset)

217 1950 244 1992 v.
258 1932 319 1995 384
343 1931 483 1993 Aventius
506 1931 714 2008 corrigendum
736 1930 876 2004 ducebat3
904 1928 1023 2010 scripsit
1045 1930 1124 1991 enim

337 2017 464 2096 deforme
483 2016 565 2095 soliis
583 2020 689 2096 espicis
710 2021 821 2078 tmesis
841 2034 950 2078 uemus.
996 2044 999 2050 ⁴

133 2101 184 2161 sed
207 2099 256 2160 hic
278 2099 399 2179 epitheti
422 2101 499 2163 solus
521 2119 593 2162 usus
615 2120 671 2163 nec
693 2101 823 2163 Senecae
845 2101 893 2177 (cl.
918 2099 1024 2160 Phaed.
1047 2102 1121 2163 407.
1152 2100 1206 2177 Ag.

134 2187 207 2262 436)
217 2186 242 2259 ³)
263 2203 320 2249 uec
342 2186 465 2265 reliquis
487 2186 688 2253 Romanorum
712 2187 809 2265 poetis
830 2186 951 2264 ignotus
973 2193 1026 2247 est.

217 2289 243 2330 v.
267 2271 330 2334 387
358 2290 409 2335 uec
436 2270 604 2337 illelmus
631 2283 671 2339 est
699 2290 733 2333 ex
756 2270 882 2333 Etrusco
913 2270 1024 2350 prodiit
1045 2277 1074 2330 et
1096 2267 1209 2348 cupulit

132 2354 337 2435 interpolatam
353 2355 528 2434 scripturam
543 2355 681 2436 malisque
695 2360 792 2427 miuus
807 2367 863 2429 est;
882 2354 1122 2435 interpolatorem
1138 2371 1207 2415 vero

132 2439 324 2507 concedimus
339 2441 450 2520 optimo
467 2441 531 2503 iure
547 2441 582 2503 de
595 2440 702 2509 tradita
717 2460 820 2511 uersus
834 2440 927 2502 forma
949 2440 1108 2503 dubitasse.
1139 2457 1207 2499 nam

132 2524 394 2603 quudGrnnnvius
415 2525 497 2589 dum
512 2525 655 2593 Venerem
670 2526 798 2595 ‘alterius
820 2525 962 2606 temporis
982 2524 1052 2584 dicit
1062 2523 1207 2584 Venerem

133 2628 208 2686 esse,
232 2610 262 2670 id
283 2618 362 2671 recte
385 2611 503 2690 quidem
519 2611 678 2689 cogitatum
697 2620 759 2684 est;
781 2610 833 2673 εει]
849 2618 881 2673 ut
897 2620 977 2672 recte
993 2609 1130 2679 efferatur
1145 2626 1206 2679 non

130 2693 241 2759 sufficit
267 2694 389 2761 verbum
418 2694 631 2761 substantivum
654 2713 716 2775 ipro
743 2715 778 2756 eo
801 2696 879 2776 quod
903 2704 948 2756 est
968 2713 1018 2763 uec
1037 2704 1133 2754 uuuet
1154 2691 1208 2753 illc

133 2778 236 2843 Vesus
274 2779 332 2840 hoc
349 2780 433 2847 ulcus
454 2779 650 2859 Kiesslingius
666 2780 786 2843 ,sanevit
800 2778 1012 2845 ‚emendatione
1034 2795 1122 2858 quam
1144 2795 1206 2838 non

131 2864 162 2925 in
190 2865 281 2927 rectis
309 2873 422 2929 tantum
451 2866 501 2931 sed
531 2866 562 2926 in
586 2864 811 2944 elegantissimis
833 2881 974 2927 recenseo
997 2882 1072 2940 quae
1094 2863 1124 2922 in
1147 2862 1208 2922 hoc

130 2957 218 3028 poeta
232 2951 332 3027 iactae
352 2961 434 3015 sunt.
474 2949 581 3013 ,scribit
602 2950 698 3029 euim:

336 3039 376 3101 tic
396 3047 495 3098 uestro
517 3034 634 3114 longum
654 3036 752 3113 scruto
769 3051 941 3114 percurreres
962 3035 1017 3094 iter

336 3121 462 3200 deperdit
483 3120 592 3200 aliquid
610 3139 722 3200 semper
741 3132 769 3181 et
790 3119 881 3197 fulget
903 3122 1009 3181 miuus.

335 3204 420 3266 daec
447 3205 516 3266 illc
544 3203 657 3265 Veuus
687 3215 754 3266 est:
783 3204 918 3284 quidquid
939 3206 970 3262 iu
992 3201 1072 3263 uobis
1093 3200 1154 3278 fuit

332 3288 404 3353 olim
422 3293 544 3370 petitum
565 3291 672 3353 cecidit.

217 3439 237 3497 ἰ
256 3438 289 3489 ei.
302 3438 339 3488 lli.
353 3440 402 3491 tte
421 3438 554 3503 dispulsas
571 3453 669 3489 manu:
694 3436 818 3502 depulsus
835 3437 860 3487 A
878 3452 961 3489 errore
979 3433 1094 3487 solemni.

217 3505 240 3572 ³)
256 3505 350 3573 quites
367 3509 435 3558 certa
454 3505 630 3559 emendatione
648 3504 740 3561 addere
758 3520 862 3572 possum
880 3503 938 3559 Tro.
959 3506 1022 3561 tots

335 3575 402 3629 ltaee
418 3579 484 3624 ueta
501 3574 637 3639 quondam
655 3578 739 3625 turris
758 3578 785 3624 et
799 3577 873 3633 muri
890 3572 979 3636 demes,

334 3658 407 3693 nuuc
423 3657 503 3693 saeua
521 3647 611 3693 acestes
628 3641 748 3707 undique
765 3640 863 3702 adfusa
882 3642 979 3697 ducum

334 3709 467 3775 plebisque
483 3712 564 3761 turba
584 3713 712 3775 sicigitur.
764 3754 766 3757 ,

127 3792 206 3843 quam
234 3777 321 3847 inepte
346 3778 411 3845 ¹turri
440 3777 484 3844 qui
510 3777 543 3832 de
575 3792 648 3830 muro
679 3777 777 3828 iacente
799 3782 916 3843 superest
942 3773 1073 3841 epitheton
1099 3771 1208 3824 addetur

126 3845 235 3899 Caucasi
253 3845 358 3912 rupibus
375 3850 464 3912 aptum
480 3846 594 3903 monitus
612 3844 718 3901 videbis.
745 3844 822 3895 sola
836 3839 1127 3905 contumuletur,
1140 3842 1205 3894 tot:

126 3916 217 3969 instar
233 3914 346 3980 scopuli.
366 3917 414 3979 ρει]
429 3915 562 3975 montibus
581 3914 643 3965 altis
654 3928 771 3965 summus
784 3913 840 3962 elit
850 3912 981 3977 longeque
994 3914 1058 3976 iugo
1068 3913 1123 3961 ctat
1133 3909 1207 3963 sotus

125 3983 162 4031 ab
173 3985 254 4035 omni.
279 3981 315 4034 sic
324 3980 368 4033 ΗΟ
381 3985 445 4034 1985
455 3982 647 4034 sceucrectein
658 3980 793 4047 Alegitur‚
803 3980 860 4032 cola
870 3981 992 4046 scriptum
1003 3979 1076 4030 estin
1088 3977 1119 4031 u.

949 4062 1000 4116 13*
1074 4100 1077 4107 ·
