2790 4494
587 264 615 306 L.
638 264 745 307 autaut
765 263 892 310 scutulo

492 481 654 544 Iocasta

288 582 323 643 ln
345 601 393 644 me
415 602 494 645 erma
517 592 546 645 et
567 584 652 664 ignes
674 584 786 661 vertite,
808 585 839 647 in
862 604 910 648 me
932 587 1030 649 omnis
1051 598 1117 650 ruat

203 685 291 729 unam
316 668 452 730 iuventus
475 687 610 749 quaeque
633 670 669 731 ab
690 670 811 731 lnaclrio
833 672 914 733 venit
1001 664 1008 675 “

202 752 333 813 animosa
354 772 441 814 muro
463 772 599 833 quaeque
621 754 759 816 Thebana
784 755 866 816 ieron

201 837 354 900 descendit
375 856 457 914 arce3
485 838 556 900 civis
576 848 664 920 atque
686 839 781 901 hostis
802 839 890 901 simul

201 922 283 984 hunc
304 923 397 1004 petite
418 932 561 1002 ventrem,
582 925 633 1004 qui
656 925 735 986 dedit
756 927 862 987 iratres
883 926 956 987 viro.

203 1007 275 1069 haec
296 1008 427 1070 membra
448 1009 558 1090 passim
581 1012 710 1090 spargite
736 1028 770 1071 ac
792 1010 933 1073 divellite:

202 1111 257 1172 ego
279 1099 439 1172 utrumque
462 1095 564 1174 peperi
586 1128 629 1140 -—
651 1095 762 1175 ponitis
783 1095 895 1157 lerrum
921 1094 1028 1158 ocius?

202 1196 239 1238 an
262 1177 328 1239 dico
351 1187 380 1240 et
402 1197 438 1240 ex
459 1175 542 1258 quoi
566 1180 699 1241 dexteras
720 1180 806 1241 metri
829 1181 904 1258 date,

202 1262 266 1324 dete
289 1262 358 1323 dum
381 1263 448 1342 piae
469 1271 549 1325 sunt.
593 1283 677 1326 error
699 1264 806 1326 inritos
831 1266 927 1328 adhuc

200 1347 271 1408 lecit
293 1356 445 1423 nocentes,
469 1367 557 1411 omne
579 1349 728 1411 Fortunae
749 1350 807 1412 luit

201 1432 352 1513 peccantis
374 1434 404 1495 iu
428 1451 484 1494 nos
506 1434 635 1496 crimen:
659 1436 717 1496 hoc
738 1435 867 1515 primum
890 1436 973 1498 nelos

201 1518 280 1580 inter
301 1519 428 1581 scientes
451 1520 572 1598 geritur.
616 1520 647 1581 in
670 1529 765 1582 vestra
787 1539 877 1582 manu
901 1531 966 1597 est,'

201 1609 300 1664 utrum
323 1603 433 1665 velitis:
457 1612 557 1666 sancta
579 1604 604 1666 si
625 1606 719 1684 pietas
741 1605 846 1685 placet,

200 1687 216 1748 4
237 1688 344 1749 donate
366 1688 452 1750 matri
475 1707 595 1770 pacem3
619 1690 643 1751 si
665 1690 777 1770 placuit
798 1691 906 1768 scelus,

199 1773 294 1835 maius
316 1782 450 1854 paratum
475 1784 533 1837 est:
557 1774 651 1836 media
674 1793 706 1836 se
723 1776 854 1856 opponit
875 1793 993 1855 parens.

200 1858 325 1938 proinde
347 1858 457 1919 bellum
480 1859 573 1921 tollito
595 1868 645 1922 aut
667 1860 736 1922 belli
758 1878 881 1922 moram.

200 1942 324 2005 sollicita
347 1944 395 2005 cui
418 1963 500 2006 nunc
521 1952 615 2006 mater
636 1946 747 2007 alterna
769 1964 859 2025 prece

199 2029 286 2090 rerba
309 2025 492 2091 admovebo?
513 2030 621 2092 misera
643 2049 731 2111 quem
753 2031 914 2110 amplectar
934 2027 1040 2111 prius?

199 2114 231 2175 in
253 2122 543 2194 utramquepartem
566 2115 660 2177 ducor
681 2116 787 2177 affectu
810 2117 883 2196 pari.

199 2200 248 2260 hic
270 2199 358 2274 aluit;
383 2200 435 2260 sed
457 2208 541 2280 pacta
564 2202 588 2262 si
611 2200 735 2262 fratrum
759 2201 866 2276 ualent,

200 2302 281 2345 nunc
304 2284 377 2346 alter
398 2283 501 2346 aberit.
546 2303 616 2364 ergo
638 2285 694 2346 iam
718 2302 880 2364 numquam
903 2284 978 2347 duos

199 2369 256 2430 nisi
279 2368 323 2429 sic
343 2367 470 2430 videho‘l
493 2370 584 2448 iunge
606 2368 777 2448 complexus
801 2371 892 2449 prior,

200 2454 250 2534 qui
272 2461 316 2515 tot
337 2453 454 2516 labores
476 2462 579 2534 totque
600 2472 761 2535 perpessus
786 2454 860 2516 mala

199 2539 288 2618 longo
311 2550 464 2620 parentem
486 2539 582 2602 lessus
605 2540 692 2601 exilio
714 2539 803 2600 vides.

199 2625 304 2685 accede
326 2625 468 2706 propius,
491 2625 578 2685 clude
599 2625 701 2704 vagina
724 2624 847 2704 impium

199 2728 299 2771 ensem
323 2719 352 2772 et
373 2718 547 2772 trementem
571 2710 688 2789 iamque
709 2710 878 2790 cupientem
901 2709 998 2771 excuti

198 2795 309 2856 hastam
332 2796 396 2856 solo
419 2795 529 2875 delige;
552 2804 718 2857 maternum
741 2803 792 2856 tuo

199 2880 278 2941 coire
300 2888 405 2959 pectus
427 2880 542 2960 pectori
565 2881 679 2961 clipeus
701 2888 793 2942 vetat:

197 2965 280 3026 hunc
302 2983 423 3044 quoque
444 2984 566 3048 repone.
610 2966 728 3027 vinculo
750 2966 878 3027 frontem
903 2983 976 3027 exue

197 3056 399 3129 tegumenque
422 3051 526 3131 capitis
547 3050 632 3112 triste
652 3050 786 3129 belligeri
809 3049 870 3112 leva

199 3142 228 3194 et
250 3153 301 3195 ora
322 3134 407 3195 matri
430 3136 529 3196 redde.
574 3154 633 3216 quo
656 3136 754 3198 vultus
778 3135 872 3196 refers

198 3219 319 3298 acieque
342 3219 444 3299 pavida
467 3221 565 3281 lratris
588 3220 725 3281 observes
747 3216 891 3281 manum?

198 3304 289 3365 affusa
312 3312 406 3365 totum
430 3323 541 3385 corpus
563 3305 700 3384 amplexu
723 3312 827 3384 tegam,

198 3398 249 3450 tuo
273 3390 373 3451 cruori
395 3408 449 3470 per
470 3409 570 3452 mcum
592 3391 642 3451 siet
664 3390 717 3451 vie.

197 3474 267 3557 quid
290 3474 398 3537 dubius
420 3473 546 3538 haeresi
568 3494 605 3536 an
629 3475 714 3538 times
736 3474 837 3537 matris
859 3469 969 3536 fidem?

200 3631 393 3641 --—-—-—...

282 3732 333 3782 443
358 3731 534 3780 continuatur
554 3743 652 3779 scaena
674 3727 699 3778 ld
748 3742 835 3778 nocue
859 3741 970 3777 scaenae
984 3725 1149 3776 'inscribitur
1170 3724 1272 3776 locusta
1378 3742 1379 3779 1

196 3797 333 3865 Polynices
351 3798 376 3847 A
443 3798 561 3849 didone
581 3796 606 3846 A
674 3798 724 3848 446
743 3793 867 3846 discendit
884 3808 906 3844 u.
922 3794 991 3845 cives
1010 3798 1087 3860 utque
1099 3793 1188 3845 hostes
1206 3807 1226 3843 s.
1245 3788 1272 3841 Ε
1378 3848 1379 3855 q

197 3868 246 3917 448
265 3880 321 3916 mee
338 3864 449 3917 membru
468 3865 499 3914 A.
513 3891 546 3903 -
558 3864 666 3930 sparsim
685 3863 797 3931 spargite
815 3867 835 3928 ς
903 3865 953 3916 456
971 3861 1064 3914 donate
1082 3869 1188 3914 matrem
1206 3873 1273 3926 pace
1378 3864 1379 3869 ’

197 3935 331 3983 Acontius
417 3934 467 3985 458
489 3931 595 3996 proinde
611 3932 662 3984 ium
680 3931 775 3983 bellum
792 3931 818 3982 Ε
902 3933 952 3984 459
977 3930 1018 3983 444
1036 3945 1103 3982 nunc
1121 3928 1227 3982 sollititu
1245 3926 1272 3977 E
1378 3924 1379 3977 l

197 3999 238 4050 cui
255 3999 364 4050 sollicita
382 4013 450 4050 nunc
467 4001 492 4049 A
509 4015 579 4050 corr.
598 4003 617 4064 ς
684 4003 733 4054 465
756 4003 785 4050 iu
804 3999 847 4066 qui
865 4002 904 4051 tot
920 3998 970 4053 leb.
989 4002 1009 4063 ς
1076 4001 1126 4052 440
1144 3997 1228 4049 coiere
1246 3994 1274 4046 Ε
1378 3996 1379 4005 ’
