2652 4486
614 252 754 294 vrunrelnn
1163 235 1224 298 385

255 406 296 468 36
339 404 376 464 ad
390 403 551 464 Fortunam
566 421 627 464 non
643 402 737 483 ipsam
753 412 951 477 corruentem,
975 402 1024 464 sed
1040 403 1152 483 impetu
1168 422 1223 465 suo

147 491 267 552 domurn
290 489 473 569 stirpemque
489 487 589 550 Claudi
612 495 790 549 evertentem
805 505 865 548 non
889 487 1012 568 quadrat
1034 489 1113 568 quod
1135 488 1223 549 eRa-

146 574 298 656 phelengii
327 574 498 636 coniectura
526 581 705 652 receperunt
727 572 893 634 Gronovius
921 572 1044 635 Bothius
1066 573 1224 636 Richterus

134 660 281 739 ,labentia
319 660 399 738 quad
422 658 560 720 traditum
576 668 620 719 est
635 658 747 721 latentis
765 666 797 719 ut
811 665 890 719 reete
913 658 1051 720 traditum
1067 659 1114 736 sit,
1137 659 1223 721 dubi-

147 746 270 808 tandum
293 746 349 805 erit
371 745 407 806 de
429 738 576 819 Fortuna}
606 753 672 823 apte
695 743 773 805 enirn
797 743 875 804 ultor
901 743 1007 823 aliquis
1033 745 1157 806 daemon
1181 745 1225 805 di-

147 840 266 892 eeretur
287 825 471 893 λανθάνειν
487 823 549 892 ὑπ’
568 823 656 912 ὄλβῳ
672 833 719 911 τῷ
735 823 887 912 ὑπούλῳε
910 848 971 890 non
994 836 1061 908 apte
1083 830 1224 907 Fortuna,

147 934 224 996 quae
247 934 309 977 non
332 924 377 976 est
398 915 472 977 mala
487 915 628 990 Fortuna,
651 915 703 975 sed
724 914 777 975 dea
799 913 946 975 bonorum
968 932 1062 994 aeque
1077 933 1110 976 an
1133 915 1224 976 malo·

146 1019 215 1063 rnrn
231 1009 343 1062 auctor.
381 1001 512 1079 eoquod
535 999 679 1080 proposui
702 1009 731 1060 et
752 1016 858 1061 sensus
873 999 989 1062 restitui
1004 1007 1033 1060 et
1055 1001 1223 1079 corruptela

145 1086 233 1147 facile
256 1085 396 1165 explicari
419 1085 541 1147 videtur.

238 1209 297 1269 too
340 1205 488 1267 toleranda
509 1207 638 1285 quumvis
658 1207 763 1284 patiar,
786 1202 863 1264 hand
883 1222 1020 1283 umquam
1041 1216 1145 1284 queam

344 1293 403 1350 νέα·
423 1301 513 1351 morte
536 1293 614 1351 tristi
634 1302 733 1352 nostru
754 1288 838 1368 finiri
858 1287 961 1366 mala«,
993 1300 1000 1309 ·

146 1373 224 1436 nihil
253 1376 301 1436 hie
329 1384 503 1454 corruptum
534 1393 598 1435 esse
625 1374 778 1453 sequentia
801 1372 917 1435 donent.
955 1374 1012 1434 hoe
1034 1374 1113 1436 enim
1135 1374 1222 1438 dicit:

146 1460 281 1539 quamvis
297 1479 372 1540 quae
386 1460 482 1539 patior
503 1461 575 1521 terri
596 1461 722 1539 possint,
745 1459 889 1520 tamenin
906 1459 960 1519 hae
976 1477 1076 1520 rerum
1091 1479 1223 1521 mearunt

144 1544 272 1624 indigna
287 1545 462 1606 condicione
484 1546 598 1624 ingrata
613 1545 684 1607 mihi
700 1546 756 1606 vita
779 1552 837 1617 est;
862 1543 898 1604 de
919 1543 1042 1605 meliore
1058 1563 1126 1606 aero
1146 1553 1223 1606 statu

145 1630 220 1691 oiim
243 1631 343 1693 futuro
366 1649 490 1710 prorsus
514 1639 582 1711 post
596 1632 707 1692 scelera
729 1630 777 1692 illa
791 1629 1024 1708 desperandum.
1062 1649 1133 1710 ergo
1149 1633 1223 1693 mala

143 1733 224 1790 mea,
247 1717 358 1776 etiamsi
381 1725 506 1777 mortem
529 1716 593 1796 ipsa
608 1734 669 1777 non
692 1716 823 1789 afferant,
846 1715 934 1776 tinem
958 1725 1055 1779 tamen
1071 1715 1126 1777 nisi
1144 1735 1224 1776 mor-

146 1812 211 1861 tent
234 1801 348 1863 nullum
371 1801 532 1862 habebunt.
978 1800 985 1821 *

236 1921 296 1984 853
341 1919 502 1982 abstrahere
523 1925 629 1982 nostris
651 1923 797 1999 tantopere
820 1932 930 1983 tanturn
952 1924 1023 1981 toris

147 2005 189 2066 es.
213 2004 275 2068 953
294 2024 402 2085 pareus
424 2018 505 2069 teratu
528 2003 652 2068 Neronis
696 2006 757 2068 698
781 2024 796 2067 o
819 2005 910 2087 qualis
925 2004 998 2067 altos
1020 2017 1126 2087 quanta
1143 2023 1227 2085 pres-

144 2093 215 2152 sisti
236 2103 314 2153 toros
356 2090 464 2167 (Ouid.)
487 2090 549 2151 her.
576 2094 624 2166 15,
641 2092 702 2155 267
725 2109 776 2152 raet
798 2102 894 2152 tentent
914 2091 1049 2170 indipner
1067 2109 1122 2171 pro
1145 2100 1226 2153 tenta

144 2194 261 2237 sumere
282 2177 398 2256 [ανααν
420 2181 547 2256 eoniupe.

207 4086 302 4126 Senecae
317 4085 442 4134 tragoediae
457 4085 485 4126 11.
