2652 4486
555 235 675 278 ucruvla

68 388 187 470 pulsata
210 386 314 468 palmis
336 392 456 465 pectora
479 395 508 446 et
529 386 611 448 lusae
633 383 756 448 comae?

71 472 212 536 Octaviae
234 471 356 534 discidia
378 472 557 552 planxerunt
578 490 678 534 sacros

70 562 154 622 inter
176 565 298 638 penates
320 557 418 619 fratris
441 569 471 620 et
491 557 618 637 patrium
640 557 740 619 larem.

70 647 123 707 lax
146 644 204 719 illa,
227 642 315 722 quam
337 652 438 705 secuta
461 662 503 718 es,
526 643 676 723 Augustae
697 662 787 706 manu

70 729 205 812 praelata
227 727 338 790 clarum
361 746 474 791 nomen
493 728 601 790 invidia
624 728 676 791 tibi

72 823 193 897 partum
216 813 374 875 ominatur.
418 814 548 875 inlocum
570 814 655 875 sedes
676 825 758 876 toros

73 899 196 963 stabiles
218 899 335 960 luturos
357 900 486 980 spondet
506 908 642 961 aeternae
664 899 778 962 domus.

72 985 179 1064 iugulo
202 983 281 1064 quod
304 1003 405 1046 ensem
428 984 561 1049 condidit
582 985 723 1065 princeps
745 996 830 1047 tuus:

73 1070 152 1133 bella
174 1069 252 1132 haud
274 1069 412 1146 movebit,
435 1088 508 1150 pace
529 1069 581 1132 sed
602 1070 715 1132 ferrum
738 1077 826 1150 teget.

73 1154 217 1235 recollige
239 1156 380 1230 animum,
402 1155 504 1236 recipe
525 1155 675 1232 laetitiam,
697 1173 814 1236 precor,

73 1242 184 1304 timore
205 1241 292 1321 pulso
315 1240 405 1302 redde
427 1250 456 1303 te
478 1241 612 1304 thalamis
634 1241 702 1303 tuis.

72 1347 142 1389 ror.
186 1325 312 1387 Delubra
335 1335 365 1388 et
385 1344 450 1389 aras
473 1334 574 1407 petere
596 1326 737 1389 constitui
759 1344 866 1402 sacrae,

74 1411 172 1475 caesis
193 1412 277 1474 litare
298 1412 424 1474 victimis
446 1431 558 1475 numen
580 1413 678 1488 deum,

75 1506 112 1562 ut
134 1497 291 1577 expientur
313 1498 408 1560 noctis
431 1506 460 1559 el
482 1499 578 1560 somni
600 1498 697 1560 minae

75 1594 235 1662 terrorque
256 1584 287 1644 iu
310 1583 411 1645 hostes
433 1584 533 1647 redeat
555 1585 697 1646 attonitus
720 1600 811 1645 meos.

75 1679 111 1731 tu
133 1675 198 1730 vota
220 1686 276 1748 pro
298 1687 345 1730 me
367 1669 486 1748 suscipe
509 1679 538 1731 et
559 1668 698 1750 precibus
720 1668 778 1748 piis

74 1773 206 1834 superos
228 1753 326 1831 adora,
348 1764 465 1817 maneat
487 1762 521 1816 ut
542 1773 684 1836 praesens
706 1763 809 1816 status.

392 1923 541 1987 CHORVS

276 2042 307 2104 Si
329 2061 397 2104 vera
419 2044 526 2125 loquax
548 2043 622 2104 lama
644 2043 789 2104 Tonantis

207 2128 286 2190 [urta
307 2137 336 2190 et
358 2139 457 2208 gratos
480 2137 578 2191 narrat
601 2147 716 2190 amores
766 2138 769 2144 “

211 2220 310 2294 (quem
333 2214 420 2276 modo
443 2214 539 2276 Ledae
560 2215 705 2295 pressisse
727 2214 825 2283 sinum

209 2307 320 2361 tectum
341 2300 451 2380 plumis
474 2300 641 2380 pennisque
663 2300 774 2376 ferunt,

210 2385 297 2445 modo
319 2403 374 2465 per
394 2386 503 2448 fluctus
525 2396 638 2465 raptam
660 2385 802 2464 Europen

213 2480 328 2531 taurum
351 2481 435 2551 tergo
458 2479 592 2551 portasse
613 2473 751 2546 trucem),

213 2571 287 2632 quae
309 2557 385 2634 regit
407 2565 436 2618 et
458 2576 539 2618 nuno
562 2557 677 2618 deseret
698 2564 785 2629 astra,

214 2648 294 2718 petet
316 2640 477 2721 amplexus,
499 2640 646 2722 Poppaea,
670 2652 747 2713 tuos,

211 2743 287 2803 quos
310 2736 338 2787 et
360 2727 455 2789 Ledae
477 2727 626 2807 praeferre
648 2736 746 2807 potest

213 2817 242 2870 et
263 2809 327 2888 tihi,
349 2813 497 2891 quondam
521 2813 569 2873 cui
592 2811 710 2873 miranti

212 2895 303 2972 lulvo,
325 2896 434 2974 Danao,
457 2897 541 2961 fluxit
562 2898 594 2959 in
617 2916 700 2960 auro.

213 2981 335 3042 sormam
359 2982 464 3063 Sparte
485 2984 573 3045 iactet
593 2982 728 3044 alumnae

213 3064 283 3127 licet
305 3077 335 3129 et
355 3067 502 3149 Phrygius
524 3069 653 3149 praemia
676 3076 792 3150 pastor:

213 3150 310 3212 vincet
331 3153 429 3215 vultus
452 3155 524 3216 haec
546 3154 731 3234 Tyndaridos

87 3288 294 3298 ,Ἁ-

1115 3159 1160 3209 775

172 3371 221 3422 745
259 3369 340 3423 oleata
358 3384 435 3422 mauu
454 3375 478 3422 Φ
530 3376 580 3426 tas
596 3371 700 3425 dissidia
717 3372 740 3423 L
758 3371 909 3425 descidiaM
925 3368 1062 3434 desidiaQ
1090 3372 1161 3423 ³748

85 3440 209 3505 augustae
252 3441 289 3502 Π]
308 3444 417 3505 augusta
432 3440 482 3505 Σθ
506 3442 590 3506 (vulg.
608 3457 631 3493 υ.
650 3442 676 3505 l.)
696 3439 844 3508 augustali
915 3442 965 3493 752
983 3438 1052 3506 quod
1070 3436 1160 3504 Moli]

85 3521 137 3573 que
154 3505 177 3556 L
194 3506 275 3572 (vulg.
294 3523 318 3559 v.
333 3507 360 3573 1.)
378 3506 424 3560 Ro
442 3523 487 3576 per
503 3507 539 3561 N.
556 3537 590 3546 —
607 3508 658 3561 tuis
674 3509 704 3560 M
755 3512 805 3563 760
822 3514 849 3562 et
865 3512 926 3560 voto
947 3508 1024 3560 codd.
1044 3510 1164 3578 correcte

88 3575 239 3626 Gronovius
296 3580 344 3631 761
365 3591 486 3643 praesens
502 3582 586 3629 metus
604 3576 679 3629 codd.
698 3577 1005 3629 eorreoitllueelrelarus
1057 3579 1107 3630 ‘162
1125 3576 1163 3628 lo·

86 3655 154 3712 quux
171 3641 315 3709 NDtTjffl]
333 3645 538 3711 loquuturum,
556 3644 578 3709 Q
596 3662 620 3698 u.
640 3646 658 3696 l.
676 3646 769 3714 loquor
787 3645 834 3696 ΦΒ
849 3645 942 3712 loquas
958 3644 982 3696 R
999 3660 1024 3696 u.
1043 3645 1061 3698 l.
1113 3648 1163 3697 764

85 3723 162 3779 quem
182 3711 262 3776 uto]
280 3728 330 3780 que
347 3716 400 3764 ΣΠ
449 3713 1004 3781 '165plummis2.-leruntLQ]lerum
1016 3712 1091 3764 ΣΗΠ
1106 3713 1164 3777 (ler-

85 3794 142 3832 rum
161 3781 197 3846 H)
251 3784 300 3835 766
319 3797 432 3849 europen
449 3783 483 3848 Σ]
501 3797 621 3850 europem
639 3781 713 3833 Lau
733 3797 853 3849 eumpam
873 3781 895 3847 Q
965 3786 1011 3834 771
1033 3783 1064 3834 al'
1083 3787 1164 3833 muta·

86 3849 170 3912 tuat)
186 3851 206 3899 i.
223 3865 277 3915 mg.
330 3853 380 3903 772
398 3849 501 3903 daneN
517 3849 600 3902 (lanne
619 3854 642 3901 Φ
660 3850 840 3903 damneMLH
854 3849 964 3918 dampno
985 3850 1032 3902 ΤΒ
1049 3851 1164 3918 dapueO

88 3919 209 3968 correxit
224 3919 365 3972 Arruntius.
383 3948 417 3958 —-
435 3919 510 3971 fulxit
527 3920 549 3983 Q
566 3917 639 3971 fulsit
655 3917 705 3970 ur
771 3922 820 3973 773
844 3920 923 3972 iactat
939 3919 1013 3971 ΜΤ
1027 3921 1122 3973 iactent
1140 3922 1188 3976 1).

86 3988 138 4038 ’175
156 3985 205 4037 hoo
223 3987 248 4035 Σ
