2790 4494
525 288 528 292 -
602 258 732 304 crotous
801 286 805 291 ·

127 433 195 475 nnn.
240 413 282 475 'l'e
304 420 384 474 sorte
407 411 502 491 prima
524 411 645 493 Scyrius
665 410 781 473 iuvenis
803 411 888 472 tulit:

128 518 215 560 suun.
260 497 421 560 Cassandra
441 496 522 573 felix,
545 515 633 577 quam
654 498 739 559 luror
761 497 834 559 sorti
857 498 956 559 eximit

129 583 337 663 Phoebusque.
394 602 460 644 unu.
497 582 613 663 Regum
635 584 711 644 hanc
733 582 878 644 maximus
899 591 999 645 rector
1019 591 1109 646 tenet.
1158 593 1203 645 978

128 689 195 731 nnc.
239 670 369 743 Laetare,
393 667 497 747 gaude,
520 676 595 751 nata.
643 686 729 748 quam
751 668 840 731 vellet
860 680 929 732 tuos
1159 678 1203 730 961

130 755 292 818 Cassandra
314 753 468 828 thalamos,
491 752 575 814 vellet
598 754 803 815 Andromache
825 763 902 816 tuos.
1016 806 1018 813 t
1159 763 1204 816 969

130 849 215 901 estne
235 840 351 920 aliquis,
375 838 525 900 Hecubam
548 840 599 917 qui
622 857 704 900 suam
729 839 786 899 dici
807 836 898 900 veliti
1158 850 1204 901 979

129 944 196 986 usn.
241 925 340 987 Ithaco
364 923 495 1003 obtigisti
516 924 624 1002 praeda
647 923 761 986 nolenti
783 923 889 985 brevis.
1160 934 1205 986 989

129 1030 195 1072 nnc.
240 1009 313 1081 Quis
334 1018 394 1070 tam
416 1009 565 1089 impotens
588 1028 622 1070 ac
645 1010 737 1070 durus
760 1020 789 1072 et
812 1010 930 1090 iniquae
952 1011 1033 1072 ierus

131 1096 253 1156 sortitor
275 1113 367 1156 urnae
389 1095 510 1173 regibus
532 1112 618 1174 reges
642 1091 743 1155 dedit?

100 1173 104 1180 ’
131 1181 198 1260 quis
220 1193 277 1241 tam
300 1180 420 1242 sinister
442 1180 543 1240 dividit
564 1188 663 1260 captas
686 1178 782 1242 deus‘?

130 1266 199 1345 quis
220 1265 329 1326 arbiter
352 1264 479 1326 crudelis
502 1272 531 1325 et
551 1264 668 1326 miseris
691 1265 785 1343 gravis

130 1351 241 1430 eligere
263 1351 399 1411 dominos
423 1350 517 1411 nescit
539 1359 568 1411 et
590 1361 712 1410 matrem
735 1348 870 1410 Hectoris

130 1437 221 1498 armis
244 1435 363 1498 Achillis
385 1433 512 1496 miscet?
540 1436 577 1496 ad
599 1435 700 1496 Vlixen
723 1453 827 1495 vocorz

34 1552 37 1559 <
129 1539 213 1582 nuno
236 1522 319 1595 victa,
342 1539 424 1581 nunc
446 1521 567 1600 captiva,
592 1538 673 1580 nunc
696 1520 811 1581 cunctis
833 1520 906 1580 mihi

131 1606 252 1668 obsessa
273 1605 374 1667 videor
397 1605 528 1666 cladibus
551 1640 592 1650 —-
615 1604 726 1665 domini
753 1604 854 1685 pudet,

131 1710 193 1752 non
217 1691 374 1752 servitutis.
419 1691 527 1752 sterilis
549 1699 578 1752 et
600 1690 693 1751 saevis
714 1690 798 1751 iretis

132 1776 245 1837 inclusa
268 1775 356 1836 tellus
379 1793 440 1837 non
464 1775 542 1856 capit
563 1775 693 1837 tumulos
716 1794 798 1836 meos
820 1810 862 1820 —

132 1861 200 1934 duc,
223 1861 291 1935 duc,
313 1860 404 1936 Vlixe,
427 1860 469 1921 nil
492 1879 602 1936 moror,
626 1860 778 1922 dominum
802 1878 927 1940 sequor3

131 1965 179 2007 me
202 1965 266 2007 mea
288 1953 451 2026 sequentur
472 1946 544 2007 lata:
577 1966 637 2008 non
662 1946 766 2026 pelago
790 1946 873 2026 quies

131 2031 291 2111 tranquilla
313 2031 419 2106 veniet,
442 2032 550 2094 saeviet
570 2032 667 2093 ventis
688 2051 778 2106 mare,

439 2135 456 2174 s
665 2135 682 2174 s

132 2210 162 2263 ct
182 2201 259 2263 bella
281 2210 311 2262 et
332 2200 417 2280 ignes
439 2209 469 2262 et
489 2219 553 2261 mea
576 2208 606 2261 et
627 2200 735 2262 Priami
759 2201 843 2262 mala.

132 2287 263 2367 dumque
286 2286 340 2347 ista
362 2287 490 2362 veniant,
513 2286 635 2347 interim
654 2286 711 2347 hoc
733 2304 847 2367 poenae
869 2284 935 2346 loco
958 2293 1017 2346 est:

131 2379 243 2433 sortem
265 2371 417 2451 occupavi,
441 2371 603 2451 praemium
627 2372 723 2452 eripui
746 2371 809 2433 tihi.
831 2405 874 2415 -

220 2457 278 2518 Sed
301 2476 337 2517 en
361 2457 448 2518 citato
471 2456 603 2536 Pyrrhus
626 2458 754 2518 accurrit
777 2457 868 2534 gradu

131 2540 275 2621 vultuque
297 2550 389 2602 torvo.
434 2542 557 2622 Pyrrhe,
580 2542 651 2621 quid
676 2539 796 2603 cessas?
825 2560 879 2620 age

132 2628 253 2689 reclude
275 2627 354 2688 ferro
378 2635 482 2706 pectus
505 2634 534 2687 et
556 2627 677 2688 Achillis
699 2627 743 2688 tui

133 2712 283 2790 coniunge
305 2730 434 2774 soceros.
479 2729 579 2790 perge,
602 2720 743 2773 mactator
764 2730 880 2784 senum,

133 2805 163 2858 et
184 2797 233 2858 hio
255 2798 339 2859 decet
361 2805 390 2858 te
412 2798 548 2876 sanguis:
572 2798 722 2877 abreptam
745 2797 837 2857 trahe.

132 2881 277 2943 maculate
300 2900 425 2962 superos
448 2883 537 2944 caede
559 2882 675 2944 lunesta
699 2883 778 2957 deos,

132 2968 277 3028 maculate
300 2986 466 3029 manes-
489 2967 560 3047 quid
583 2986 688 3048 precer
710 2963 815 3027 vobis?
844 2983 952 3044 precor
1150 2977 1206 3026 1995

133 3165 212 3202 saeve
230 3166 304 3203 manu
321 3151 325 3220 Ι
341 3151 385 3202 dat
401 3150 488 3218 iniqua
506 3151 604 3202 miseris
622 3151 691 3202 19191
716 3127 773 3217 buis
1163 3162 1207 3204 996

132 3217 249 3271 Hectoris
267 3219 377 3287 spolium
396 3219 478 3285 191911
494 3220 538 3286 qui
556 3218 615 3270 tulit
632 3219 759 3270 Achillis?
1162 3231 1205 3273 999

219 3391 268 3441 977
288 3391 357 3441 sorte
373 3389 399 3439 A
451 3389 501 3442 978
518 3388 689 3456 Phoebusque
700 3389 823 3439 Hecubae
841 3387 960 3439 dahtrli
1012 3389 1059 3443 981
1079 3393 1171 3453 potens
1184 3390 1208 3439 A

133 3458 196 3509 985.
214 3458 264 3509 986
287 3456 381 3524 eligere
399 3456 424 3507 d.
441 3456 522 3508 nescit
539 3461 565 3507 et
582 3472 659 3509 saeua
677 3472 711 3509 m.
735 3457 739 3522 Ι
759 3457 783 3509 d.
801 3457 818 3510 i.
836 3472 869 3509 m.
888 3457 957 3508 lata?
979 3455 1037 3521 quis
1054 3460 1159 3508 matrem
1178 3457 1207 3508 H.

134 3524 326 3579 9999999999-
344 3525 401 3591 quis
420 3523 518 3575 delevit
535 3526 662 3590 Peiporuo
714 3528 763 3578 989
781 3523 882 3577 videor:
901 3540 946 3576 eor
963 3527 981 3577 i.
1000 3524 1206 3576 recreamini.

133 3592 247 3644 19919
308 3595 368 3645 990.
387 3594 435 3646 981
457 3608 507 3644 uon
526 3593 663 3645 servitutis.
689 3592 760 3646 Hect.
779 3609 819 3659 sp.
836 3593 853 3644 l.
869 3593 873 3660 Ι
890 3592 934 3658 qui
951 3592 997 3644 tul.
1016 3591 1096 3643 Ach‘l
1114 3592 1208 3650 sterilis
1304 3585 1308 3593 ’

133 3664 161 3711 et
178 3674 199 3711 s.
217 3659 246 3711 lr.
266 3662 342 3713 codd.
361 3660 476 3719 Hectoris
493 3689 516 3699 -
534 3661 640 3713 Achillis
659 3661 743 3714 delevi
794 3664 844 3714 992
863 3676 922 3712 uum
941 3660 1050 3727 capit&
1101 3662 1151 3713 994
1169 3676 1208 3712 se-

133 3732 244 3793 quantur
261 3732 281 3794 ς
349 3732 398 3783 995
417 3728 512 3794 veniat,
531 3729 629 3781 saeviat
647 3731 679 3780 A.
693 3759 724 3767 —
742 3735 803 3796 post
820 3732 869 3783 995
889 3730 942 3779 lale
960 3729 1026 3794 quid
1042 3729 1209 3779 intercidisse

101 3813 109 3824 ·
132 3796 256 3848 videtur:
275 3798 422 3864 [sociosque
439 3802 546 3864 merget,
563 3797 673 3850 obruent
687 3797 806 3850 reducem
824 3794 939 3864 quoque]
1030 3799 1080 3849 996
1097 3796 1165 3862 ignis
1184 3797 1208 3848 A

133 3866 183 3916 997
202 3865 307 3919 venient
324 3867 349 3916 A
373 3865 481 3919 veniunt
498 3865 523 3915 li
540 3881 611 3920 eurr.
630 3870 657 3928 ς.
673 3894 708 3904 -—
726 3866 788 3917 haec
804 3880 886 3932 poena
903 3866 930 3916 iu
948 3865 1005 3917 loco
1024 3871 1064 3917 est
1081 3867 1105 3914 A
1157 3867 1207 3917 998

132 3931 227 3999 eripuit
244 3933 306 3985 mihi
323 3935 348 3984 A
423 3936 472 3986 999
494 3933 540 3987 sed
563 3932 668 3986 incitato
694 3934 770 3988 oodd.
789 3937 910 3985 correcti
927 3934 1054 3999 Poiperue
1141 3937 1207 3986 1000

131 4001 204 4068 pyrri
221 4000 246 4051 ll
336 4004 399 4054 1993
418 4001 531 4065 trahit&
