2658 4488
194 212 257 274 270
579 233 606 274 o.
629 235 732 277 sunsnr
753 235 877 278 snunoan

195 381 262 464 quis
283 382 470 464 inhospitalis
492 372 611 445 Caucasi
634 404 739 466 rupem
761 404 896 467 asperam

195 467 367 529 Heniochus
388 468 523 531 habitans
545 471 647 550 quisve
669 470 820 552 Cecropiis
841 484 938 535 metus

194 553 282 615 terris
302 552 500 616 Procrustes?
528 556 646 634 genitor
668 575 704 617 en
728 566 813 618 natos
836 576 938 638 premo

194 657 372 719 premorque
395 640 472 702 natis
493 674 535 686 —
558 641 678 702 sceleris
700 651 745 702 est
764 642 872 722 'aliquis
892 644 1007 707 modus.

193 744 257 786 srn.
282 723 412 795 ,Sceleri
434 725 540 791 modus
562 726 686 787 debetur
707 725 758 787 uhi
780 727 869 788 iacias
891 728 997 804 scelus,

193 828 254 870 non
277 808 327 870 uhi
350 827 486 891 reponas.
530 812 588 872 hoc
610 829 729 892 quoque
751 811 890 890 exiguum
913 822 958 875 est
979 815 1061 876 mihi·

193 913 228 955 cx
249 895 370 956 vulnere
392 895 458 976 ipso
480 896 654 974 sanguinem
677 896 804 957 calidum
827 899 857 959 in
880 908 930 961 tua

191 980 352 1041 defundere
374 998 425 1041 ora
447 980 546 1053 debui,
569 990 602 1041 ut
623 980 782 1042 viventium

191 1065 308 1126 hiberes
330 1083 465 1126 cruorem
487 1099 529 1109 —
572 1065 659 1127 verba
682 1075 752 1127 sunt
773 1067 833 1129 irae
855 1068 920 1130 data

190 1150 259 1211 dum
283 1168 422 1230 propero.
467 1152 544 1212 terro
566 1149 688 1212 volnera
710 1153 853 1233 impresso
876 1154 952 1228 dedi,

190 1235 281 1296 cecidi
304 1236 340 1296 ad
361 1253 441 1310 aras,
465 1237 554 1297 caede
575 1237 669 1298 votiva
691 1237 775 1299 locos

188 1320 299 1402 placavi
322 1331 351 1383 et
371 1330 462 1396 artus,
485 1339 611 1402 corpora
633 1322 765 1383 exanima
787 1334 952 1404 amputans,

188 1407 219 1467 in
241 1424 329 1487 parva
352 1406 448 1487 carpsi
471 1407 562 1468 frusta
586 1408 709 1469 ethaeo
732 1408 912 1471 serventibus

188 1491 313 1553 demersi
334 1492 426 1567 aenis,
449 1491 499 1553 illa
522 1492 611 1554 lentis
633 1492 752 1571 ignibus

187 1577 296 1639 stillare
318 1578 406 1657 iussi;
430 1577 559 1638 membra
584 1596 748 1659 nervosque
770 1577 881 1639 abscidi

186 1662 361 1736 viventibus,
383 1662 544 1743 gracilique
566 1664 702 1725 traiectas
722 1681 794 1724 veru

186 1749 301 1826 mugire
322 1749 411 1810 fihras
432 1748 490 1809 vidi
513 1759 543 1810 et
563 1748 659 1827 agassi
682 1766 771 1810 manu

186 1853 251 1896 mea
272 1835 336 1915 ipse
358 1835 490 1895 flammas
510 1867 553 1878 -
597 1833 696 1894 omnia
717 1834 790 1894 haec
812 1832 919 1894 melius
939 1843 1025 1914 pater

186 1920 290 1981 secisse
313 1920 418 2001 potuit,
440 1919 547 1981 cecidit
568 1919 599 1980 in
622 1937 739 1981 cassum
761 1917 860 1980 dolorz

185 2005 270 2066 scidit
292 2024 344 2067 ore
366 2016 452 2066 natos
473 2004 574 2086 impio,
597 2004 648 2066 sed
672 2004 816 2077 nesciens,

184 2092 235 2152 sed
259 2090 433 2151 nescientes.
477 2109 541 2151 rur.
585 2089 688 2150 Clausa
710 2088 847 2150 litoribus
868 2089 949 2168 vagis
988 2142 992 2151 .

184 2176 282 2237 audite
304 2176 404 2249 maria,
426 2191 478 2236 vos
500 2192 620 2256 quoque
643 2174 740 2236 audite
762 2175 820 2235 hoc
841 2174 951 2248 scelus,

185 2278 383 2342 quocumque,
405 2260 444 2332 di,
466 2259 592 2339 fugistis.
636 2261 734 2322 audite
755 2259 853 2332 inferi,

183 2348 281 2409 audite
303 2355 407 2420 terrae,
428 2344 553 2426 Noxque
574 2344 712 2406 Tartarea
734 2345 830 2423 gravis

183 2443 212 2494 et
234 2443 294 2494 atra
318 2430 407 2505 nube,
430 2431 552 2492 vocibus
575 2430 686 2491 nostris
706 2448 775 2491 vaca

181 2516 247 2594 (tibi
269 2534 334 2577 sum
357 2515 487 2590 relictus,
510 2515 571 2577 sola
593 2523 626 2577 tu
649 2516 788 2576 miserum
811 2514 902 2588 vides,

181 2614 213 2663 tu
236 2619 355 2683 quoque
378 2602 442 2662 sine
464 2601 572 2677 astris),
592 2611 659 2662 vota
682 2619 742 2661 non
765 2599 869 2661 luciam
892 2600 1036 2681 improba,

181 2706 235 2767 pro
258 2705 306 2748 me
328 2686 401 2747 nihil
424 2686 568 2767 precabor
588 2719 631 2730 —
654 2685 774 2766 etquid
798 2685 854 2745 iam
877 2694 975 2765 potest

181 2791 235 2855 pro
257 2791 305 2833 me
328 2769 414 2833 esse?
442 2771 526 2832 vohis
546 2782 611 2832 vota
634 2771 816 2851 prospicient
837 2789 911 2831 mea.

180 2869 222 2934 tu,
245 2875 358 2919 summe
381 2855 453 2919 caeli
475 2867 581 2931 rector,
603 2856 748 2918 aetheriae
770 2866 878 2937 potens

180 2944 348 3006 dominator
369 2942 462 3011 aulae,
486 2941 615 3003 nubibus
636 2950 731 3003 totum
753 2941 881 3002 horridis

180 3030 319 3091 convolve
341 3028 495 3102 mundum,
518 3027 594 3088 bella
616 3036 770 3088 ventorum
793 3024 924 3105 undique

179 3114 330 3176 committe
353 3123 382 3174 et
404 3113 485 3173 omni
507 3121 591 3192 parte
612 3112 774 3172 violentum
796 3111 909 3184 intona,

178 3216 358 3279 manumque
379 3216 441 3258 non
464 3215 521 3278 qna
543 3205 619 3258 tecta
642 3206 671 3258 et
692 3197 851 3257 immeritas
872 3196 977 3256 domos
1078 3182 1081 3187 ⁴

125 3331 127 3337 r
180 3285 236 3346 telo
259 3284 336 3365 petis
357 3284 483 3357 minore,
505 3282 557 3343 sed
579 3300 636 3362 qna
658 3282 803 3342 montium

126 3416 132 3423 .
178 3370 341 3450 tergemina
362 3369 455 3429 moles
478 3367 583 3429 cecidit
605 3375 633 3427 et
655 3368 706 3446 qui
728 3365 880 3427 montibus

177 3455 293 3517 stabant
314 3473 400 3535 pares
421 3451 570 3532 Gigantes,
591 3453 665 3513 haec
686 3470 765 3513 arma
789 3450 891 3532 expedi

135 3552 138 3561 1
176 3542 320 3620 ignesque
341 3547 457 3620 torque.
500 3538 615 3599 vindica
637 3538 776 3601 amissum
799 3537 887 3609 diem,

177 3695 381 3706 ---———-—-

1193 3543 1246 3595 1085

264 3779 329 3828 toas
346 3774 464 3826 callidum
479 3776 504 3825 Ε
566 3776 629 3827 1055
648 3771 787 3824 diffundere
804 3773 829 3822 A
887 3773 952 3823 1050
970 3785 1076 3837 corpore
1094 3769 1244 3830 exanimo&

179 3847 242 3896 1003
260 3845 366 3895 traiecto
384 3844 409 3893 A
471 3846 537 3895 1004
555 3841 668 3909 aggressi
686 3842 711 3891 E
768 3843 833 3892 1005
851 3839 905 3904 ipsa
924 3840 950 3888 Ε
1004 3841 1067 3891 1000
1104 3843 1145 3889 cat
1161 3837 1244 3889 clsvrsa

175 3926 251 3960 erasa
270 3915 284 3961 1
305 3912 343 3962 lit.
361 3912 385 3960 Ε
455 3912 521 3963 1000
544 3925 641 3975 vosque
666 3908 692 3959 di
714 3907 799 3959 audite
816 3909 842 3958 A
913 3910 977 3958 1010
997 3923 1022 3973 q.
1043 3905 1068 3957 di
1089 3906 1179 3973 ugistis
1196 3904 1243 3956 EA

175 3981 296 4027 correxit
314 3977 463 4028 Gronovius
480 3982 518 4043 (ς)
591 3980 654 4030 1081
673 3990 800 4042 manuque
817 3977 843 4025 A
861 3973 895 4034 of.
914 3975 935 4039 1,
953 3975 987 4026 40
