2720 4488
193 223 252 286 142
575 239 603 280 ι.
626 238 731 282 uuuunr
752 237 880 283 suuncun

190 393 362 470 fessumque
384 388 464 451 curis
486 397 592 469 peetus
615 396 644 450 et
666 406 734 450 cara
756 388 847 452 ubera

189 494 306 557 precor,
327 476 460 538 furorem
482 475 553 536 siste
576 482 665 554 teque
687 475 751 554 ipsa
773 475 890 536 adiuro:

190 580 259 642 pars
282 561 416 623 sanitatis
438 558 511 621 velle
533 560 631 621 sanari
653 560 719 620 iuit.

189 665 235 708 on.
314 645 381 707 Non
397 644 501 706 'omnis
522 645 621 706 animo
644 645 733 706 cessit
754 644 885 723 ingenuo
908 644 1014 724 pudor.

189 749 338 812 paremus,
360 730 455 792 altrix.
499 729 551 809 qui
573 730 636 809 regi
660 747 721 790 non
743 729 807 790 vult
827 747 912 790 amor

189 817 332 877 vincatur.
376 814 455 876 haud
477 822 515 889 te,
539 814 624 888 lama,
648 814 788 876 maculari
810 814 914 878 sinam.

189 902 263 962 haec
285 900 347 963 sola
369 902 444 962 ratio
467 906 521 975 est,
544 900 668 961 unicum
690 899 831 978 effugium
853 899 936 960 mali:

189 986 284 1047 virum
307 1003 476 1065 sequamur,
498 993 594 1046 morte
616 994 798 1064 praevertam
821 986 913 1046 neias

188 1090 272 1133 uvrn.
309 1070 470 1142 lloderare,
492 1069 620 1144 alumna,
643 1070 750 1131 mentis
773 1070 934 1132 effrenae
927 1077 1018 1150 umpet
1019 1088 1064 1145 us,

190 1157 304 1218 animos
328 1172 441 1217 coerce
485 1154 604 1233 dignam
627 1154 665 1215 ob
688 1156 746 1217 hoc
766 1155 824 1217 vita
847 1172 917 1216 reor

190 1241 270 1321 quod
293 1259 357 1302 esso
380 1248 470 1302 temet
492 1247 626 1314 autumas
648 1239 767 1319 dignam
791 1259 874 1301 nece.
893 1257 978 1295 outo
956 1230 1014 1293 νῖ

189 1344 235 1387 ru.
315 1325 439 1388 Decreta
460 1343 542 1387 mors
565 1334 624 1387 est.
648 1326 801 1404 quaeritur
822 1325 874 1399 lati
896 1342 1001 1403 genus.

188 1411 336 1490 laqueone
357 1411 444 1472 vitam
466 1411 565 1471 finiam
589 1430 626 1472 an
649 1411 729 1471 lerro
751 1408 912 1471 incubem‘l

189 1515 228 1559 an
250 1496 339 1557 missa
361 1514 504 1575 praeceps
526 1513 593 1558 arce
614 1495 741 1557 Palladia
764 1492 888 1556 cadam?

190 1601 272 1643 uros.
310 1581 361 1644 Sic
382 1591 411 1643 te
434 1590 572 1643 senectus
595 1589 695 1643 nostra
718 1580 872 1662 praecipiti
895 1580 973 1643 sinat

190 1666 289 1748 perire
311 1664 394 1728 leto?
427 1666 497 1728 siste
519 1665 714 1728 furibundum
737 1666 889 1746 impetum.

190 1771 234 1814 nn.
315 1750 478 1813 Prohibere
500 1750 580 1813 nulla
603 1751 677 1812 ratio
700 1751 868 1830 periturum
890 1757 988 1831 potest

192 1837 242 1899 ubi
265 1837 316 1918 qui
339 1838 414 1898 mori
437 1836 591 1898 constituit
614 1846 643 1898 et
668 1836 755 1898 debet
776 1837 862 1897 mori.
932 1872 937 1881 ·

190 1923 278 2002 proin
301 1921 441 1983 castitatis
464 1921 611 1983 vindicem
633 1939 781 1983 armemus
803 1938 933 1982 manum.

189 2027 272 2069 uvrn.
310 2007 448 2069 Solamen
470 2006 557 2070 annis
581 2007 702 2068 unicum
724 2007 821 2079 fessis,
846 2022 905 2081 era,

55 2086 62 2131 5
143 2092 169 2133 θ’
189 2093 215 2155 si
236 2103 295 2154 tam
318 2102 475 2173 protervus
497 2091 618 2153 incubat
641 2092 735 2153 menti
759 2093 853 2167 furor,

129 2192 135 2207 “
189 2185 347 2239 contemne
369 2178 474 2238 lamam
498 2211 538 2221 -
561 2178 637 2238 lama
660 2177 706 2237 vix
728 2195 797 2237 vero
820 2176 905 2251 lavet,

187 2262 275 2342 peius
297 2260 430 2324 merenti
444 2262 550 2325 melior
572 2270 600 2322 et
622 2261 707 2341 peior
728 2261 819 2322 bono.

187 2356 367 2427 temptemus
390 2347 521 2409 animum
543 2346 657 2407 tristem
681 2353 710 2406 et
732 2345 955 2408 intractabilem.

188 2452 272 2495 meus
295 2432 350 2494 iste
372 2432 455 2494 labor
477 2440 522 2493 est
544 2429 663 2509 aggredi
685 2431 821 2492 iuvenem
843 2432 939 2492 lerum
1047 2492 1051 2505 ,

188 2529 376 2598 mentemque
398 2536 511 2579 saevam
533 2516 653 2578 ilectere
675 2516 794 2578 immitis
816 2516 881 2577 viri.

478 2649 627 2713 CHORVS

340 2734 413 2815 Diva'
432 2773 493 2816 non
516 2753 578 2814 miti
602 2762 740 2832 generata
763 2761 867 2834 ponto,

273 2858 360 2921 quam
384 2846 465 2900 vocat
487 2847 609 2900 matrem
633 2839 769 2929 geminus
792 2838 1000 2919 Cupidutee

273 2924 421 3004 impotens
443 2924 567 2987 flammis
590 2923 679 2986 simul
700 2932 729 2986 et
751 2923 883 3002 sagittis,

273 3009 336 3070 iste
350 3010 475 3071 lascivus
498 3027 573 3090 puer
594 3018 624 3070 et
645 3009 786 3071 renidens

272 3093 329 3154 tela
352 3113 439 3179 quam
463 3102 552 3181 certo
565 3094 734 3156 moderatur
755 3094 841 3157 arcul
1218 3101 1264 3152 tto

199 3160 225 3251 ³2
272 3176 334 3238 non
356 3179 444 3241 habet
465 3156 552 3243 latam
575 3180 639 3240 data
662 3179 747 3259 plaga
769 3180 914 3276 frontem,
1218 3187 1261 3238 281

931 2813 946 2873 9
1001 2804 1006 2815 .

186 3347 253 3400 haud
273 3347 407 3418 quisquam
425 3349 456 3400 ad
474 3349 554 3400 vitem
571 3347 645 3400 iacile
662 3348 776 3401 revocari
794 3352 885 3429 potest
1221 3355 1261 3397 oet

185 3417 279 3468 labitur
296 3422 364 3468 totus
382 3416 475 3471 furor
467 3432 494 3468 m
512 3417 636 3468 medullas
838 3477 842 3484 ⁴
1218 3424 1256 3467 rto

185 3485 245 3552 igne
262 3483 356 3536 furtivo
373 3485 514 3552 populante
532 3499 619 3538 venas

271 3640 319 3690 248
338 3637 420 3705 ipsam
438 3641 462 3689 A
537 3640 587 3690 249
604 3651 651 3705 par
669 3637 733 3689 ull
809 3637 902 3690 osuin
923 3635 1258 3700 eniodl,sadcorr.1m,

186 3709 236 3760 256
254 3706 320 3759 ultra
338 3720 395 3758 reor
412 3706 437 3757 ll
506 3708 555 3759 261
574 3711 676 3771 poste.
691 3704 742 3758 266
759 3708 881 3771 reposuit
938 3707 1111 3756 cnevius.-
1128 3716 1187 3755 rvr.
1207 3717 1258 3770 pro,

186 3775 311 3827 destitutis
329 3776 354 3825 A
371 3775 522 3842 (Phaedrae
539 3779 579 3825 eat
596 3774 629 3837 ld)
699 3776 749 3828 262
768 3774 871 3837 sinet}
939 3775 990 3826 264
1009 3789 1058 3826 om.
1077 3773 1148 3838 ς(Α)
1167 3772 1259 3822 delevit
1343 3812 1344 3815 ,

185 3843 311 3924 Scaliger
383 3845 433 3897 266
451 3844 508 3910 quis
526 3844 551 3893 A
624 3844 673 3895 269
693 3841 878 3895 comtemnell
965 3844 1015 3896 274
1033 3855 1136 3892 cuonrs.
1155 3853 1259 3892 unussrn

184 3913 224 3960 rio
241 3911 266 3960 li
325 3914 374 3964 art
389 3924 453 3979 puer
469 3927 527 3963 acre
544 3911 628 3963 nitens
646 3912 670 3961 Α
727 3913 776 3964 ota
794 3911 962 3964 iaculaturA
1023 3912 1080 3962 279
1098 3910 1148 3963 289
1167 3908 1259 3959 delevit
1343 3962 1344 3969 ,

184 3976 298 4029 Bararus
