2686 4482
195 170 254 232 112
419 188 437 211 ⁴1
530 186 568 228 ns
590 184 717 228 asurrcrs
739 184 925 228 rocrunrms.

278 337 425 417 descripto
457 336 504 397 dei
532 335 614 397 cultu
640 344 669 397 et
690 336 832 397 comitatu
854 354 902 397 res
924 335 960 396 ab
982 334 1033 395 iiio
1055 342 1155 412 gestae
1177 351 1268 395 enar·

192 431 311 484 rantur:
334 422 447 502 piratae
467 420 499 480 in
521 438 609 481 ranas
630 421 840 496 nansiormati
863 421 1001 481 subactae
1023 429 1127 497 gentes
1142 418 1269 480 ferocis·

191 508 284 570 simae
306 525 451 586 quasque.
488 507 546 566 hoo
566 505 633 566 ioco
656 505 776 567 Etrusci
791 505 930 566 librarius
944 524 1012 566 curn
1028 503 1176 564 omisisset
1191 522 1271 582 quae

192 592 271 654 inter
291 611 317 652 v.
334 593 396 655 473
418 591 523 652 Boram
544 591 617 668 serit
637 602 666 651 at
681 592 719 652 47
724 594 743 652 5
757 592 866 670 friqr‘do
879 591 972 669 fluctu
987 589 1185 665 intercedunt,
1209 588 1271 649 iam

193 678 307 756 scripto
321 677 397 737 libro
413 674 523 754 ipsein
539 675 672 754 margine
687 675 750 736 oola
766 675 874 736 omissa
890 674 1047 754 supplevit,
1068 673 1154 734 etiam
1168 672 1271 733 verbis

192 764 300 842 friqido
323 762 430 840 siuuu,
457 778 532 838 quac
554 759 667 820 scilicet
687 760 765 821 aliud
788 778 878 838 agens
901 760 939 820 ita
963 768 1142 820 exaraverat:
1170 759 1269 836 riqidc

192 849 295 926 fluctu,
319 846 469 907 emendato
492 845 600 905 iterum
622 845 750 924 scriptis.
790 853 822 905 ut
844 846 916 906 haec
938 844 977 905 sit
999 861 1137 904 versuum
1159 845 1270 905 473-

191 934 257 994 475
279 931 395 1012 species
415 930 502 1005 (saliit
523 928 603 990 enim
629 930 778 1008 exemplar
799 929 1067 1004 Teubnerianum):

399 1015 434 1076 lit
456 1032 525 1095 qum
546 1018 657 1076 ciuiuus
682 1014 781 1076 dorcas
801 1015 880 1094 serit.
1056 1012 1141 1074 aiiuit
1161 1023 1268 1091 petuas.

400 1098 502 1178 Riqido
523 1099 626 1177 fluctu.
712 1100 791 1160 Arsa
811 1109 964 1160 mutantes.
1012 1097 1145 1176 Quasque
1165 1101 1271 1158 auectas

402 1183 535 1264 Quosque
549 1194 692 1264 despectat.
730 1189 837 1246 uertice
850 1201 970 1245 suuuuo.
1014 1181 1131 1261 Friqido
1151 1183 1249 1260 (tuus

194 1282 229 1333 ut
256 1269 339 1331 attuit
367 1280 460 1348 quotes
489 1268 525 1329 ad
546 1287 668 1349 quasque
692 1268 812 1332 Maeotis
834 1267 1042 1348 applicandum
1065 1285 1130 1328 osso
1151 1265 1270 1345 signifi·

197 1363 290 1429 cetur,
312 1364 407 1415 totum
431 1353 565 1414 ordinem
588 1363 686 1414 autem
709 1373 771 1414 non
794 1352 941 1414 diversum
964 1371 1028 1413 esse
1049 1351 1084 1412 ah
1106 1370 1143 1411 eo
1167 1351 1270 1431 quiin

194 1438 375 1501 editionibus
399 1437 615 1511 circumfertur,
638 1439 681 1500 sic
703 1438 815 1499 scilicet
837 1438 1074 1499 discribendum:

399 1535 424 1584 et
446 1542 514 1603 quos
535 1528 649 1585 ciuiuus
670 1525 776 1586 Boreas
796 1524 867 1603 sarit

397 1627 469 1669 arva
491 1619 642 1681 mutantes,

400 1712 523 1773 querque
545 1692 771 1755 Maeotisuiluit
792 1703 887 1771 qcatcs

180 1840 182 1843 ,
399 1778 508 1857 sriqido
528 1779 630 1855 {tuctu

195 1864 293 1944 pergit
320 1863 444 1923 chorus:
475 1861 604 1923 Gelonos
631 1863 780 1924 Bacchum
808 1861 975 1936 domuisse,
1003 1861 1165 1920 Amazonas
1195 1858 1271 1920 sub-

195 1949 286 2009 iectas
309 1947 490 2025 comitesque
512 1947 558 2008 dei
580 1948 680 2023 iactas,
703 1945 878 2008 Cithaerone
900 1946 1077 2008 maculatum
1099 1964 1164 2006 asse
1185 1945 1271 2006 suada

198 2032 400 2113 Opttomam
422 2031 574 2093 Proetidas
596 2033 627 2094 in
650 2031 751 2095 silvam
772 2041 851 2093 actas
873 2041 902 2092 et
924 2031 1098 2110 Argivorum
1121 2029 1271 2092 civitatem

194 2215 365 2281 lacrimisque
383 2221 516 2281 coramque
532 2218 652 2267 siccabat
667 2215 815 2280 plangum
838 2215 877 2267 sic
893 2214 1012 2266 Horatius
1030 2214 1054 2278 l,
1074 2217 1120 2279 14,
1137 2216 1153 2265 3
1177 2229 1270 2264 noane

193 2283 265 2333 uides
283 2289 313 2333 ut
330 2283 433 2335 seudum
450 2288 563 2348 remigio
582 2284 899 2349 tatus-antemnaeque
916 2288 1035 2347 gomont,
1052 2296 1102 2348 qus
1120 2280 1152 2332 dc
1170 2295 1199 2332 re
1216 2296 1271 2333 uon
1328 2316 1329 2323 1

192 2353 283 2402 merito
307 2350 437 2403 Bentleius
460 2351 593 2403 dubitavit.
630 2351 661 2403 ci.
680 2365 754 2403 serm.
773 2350 808 2412 ll,
827 2354 855 2416 8,
880 2354 911 2403 11
937 2356 992 2401 tram
1014 2353 1043 2400 in
1070 2351 1136 2401 iacto
1161 2365 1270 2415 quoquc
1327 2412 1328 2415 Ἴ

192 2418 295 2469 videres
312 2419 426 2469 stridere
443 2426 545 2483 sacrata
563 2421 662 2469 diuisos
684 2435 752 2469 nura
775 2435 908 2469 susurros.
946 2419 982 2469 sic
1001 2417 1062 2470 ned.
1084 2420 1149 2470 1013
1171 2420 1270 2467 matris
1327 2418 1328 2425 ’

194 2503 227 2537 su
245 2490 339 2536 rustris
356 2486 530 2538 soaus.-ad
549 2490 598 2540 409
617 2488 694 2537 uultu
711 2486 815 2537 sidereo
835 2488 936 2537 discute
954 2486 1049 2536 natata
1067 2485 1174 2537 cf.Stat.
1185 2483 1270 2538 Theb.
1326 2534 1327 2539 ,

192 2555 222 2618 H,
240 2556 454 2700 idiqqsquqqqaug
470 2555 834 2695 qqqqtoqaqqqquusoqnqqm
853 2637 877 2673 v.
896 2624 946 2676 485
968 2621 1083 2687 epitheto
1100 2621 1133 2671 ab
1151 2620 1271 2686 Ophioue

194 2690 308 2742 derivato
326 2707 400 2742 usum
418 2707 483 2752 esse,
507 2707 559 2743 non
577 2706 591 2741 a
610 2691 689 2742 titane
707 2689 867 2757 Eurynomae
885 2690 994 2756 coniuge
1012 2688 1270 2756 (asportantium

194 2758 239 2810 sed
258 2759 289 2809 ab
308 2755 357 2810 alio
376 2758 486 2826 quodam
504 2759 548 2825 qui
566 2758 632 2810 inter
649 2757 794 2809 Thebarum
812 2756 957 2809 conditores
973 2754 1049 2808 tuerit
1064 2762 1097 2815 et,
1116 2757 1271 2809 utbreviter

193 2826 283 2887 dicam,
294 2842 429 2893 germanus
438 2827 606 2892 geminusque
614 2824 734 2877 Echionis
743 2824 874 2876 habendus
884 2833 931 2877 est.
950 2825 995 2877 sed
1005 2825 1141 2891 quominus
1150 2822 1201 2875 hoc
1210 2825 1270 2877 loco

193 2894 354 2947 scribendum
363 2896 474 2946 conicias
485 2895 669 2960 dictionisque
678 2894 895 2948 cucmadiactiro
909 2893 993 2960 poetis
1003 2892 1090 2944 latinis
1102 2893 1198 2945 usitato
1212 2909 1271 2959 pro-

193 2962 264 3013 hinet
273 2963 310 3013 iii.
323 2966 373 3017 268
388 2963 502 3015 mamea
515 2962 604 3027 protes
619 2967 700 3025 utque
712 2962 861 3024 Optiouius
873 2965 941 3012 ciuis
954 2960 1022 3028 quod
1034 2960 1189 3026 interpolare
1200 2961 1271 3013 ince-

193 3035 286 3096 perunt
296 3031 360 3089 Itali,
378 3030 480 3097 penitus
488 3044 592 3095 pessum
605 3029 675 3081 dedit
687 3029 715 3082 D.
725 3029 843 3081 Heinsius
854 3029 987 3081 scribendo
1001 3032 1147 3094 civitasque
1155 3029 1270 3094 Amphi·

195 3101 261 3162 onis,
282 3113 386 3165 pessum
404 3097 490 3147 dutum
508 3095 642 3148 ediderunt
659 3100 813 3164 quicumque
831 3102 891 3163 post
907 3096 1038 3148 Heinsium
1058 3097 1136 3148 inere.
1171 3101 1271 3152 certans

194 3171 257 3232 puto
275 3165 491 3216 emendationem:
512 3164 625 3215 Cadmca
643 3166 732 3230 protes
750 3173 831 3229 atquc
850 3166 1012 3231 Ophionium
1028 3181 1123 3230 graus,
1141 3180 1193 3229 quo
1210 3180 1270 3216 rac·

196 3233 315 3284 cidistist
349 3232 446 3298 adripio
464 3239 549 3285 autem
568 3233 727 3285 occasionem
746 3233 861 3299 quamvis
879 3232 962 3284 atieno
984 3233 1042 3285 ioco
1061 3231 1206 3298 exponendi
1225 3247 1271 3284 cur
1319 3232 1320 3245 ¹

193 3317 220 3351 v.
242 3303 292 3354 269
316 3300 477 3353 scribendum
499 3301 590 3352 ducam
614 3317 666 3366 quo
693 3302 849 3352 rescidistis.
892 3300 986 3369 iegitur
1011 3300 1061 3353 hoc
1084 3300 1110 3351 in
1137 3301 1270 3353 nonnuliis

194 3369 362 3437 interpolatae
380 3374 465 3421 sectae
483 3369 562 3434 libris,
579 3368 647 3431 unde
665 3369 772 3420 iniatum
790 3375 829 3420 est
847 3369 959 3420 secunda
977 3383 1054 3420 manu
1072 3368 1150 3419 ernsis
1163 3369 1271 3435 quibus-
1316 3404 1318 3413 ,

194 3437 254 3488 dam
270 3437 361 3489 iittcris
378 3437 405 3488 in
423 3437 448 3487 Ε
464 3442 491 3488 et
508 3435 544 3488 N.
570 3437 613 3488 aiii
631 3437 776 3487 decidistis.
809 3452 937 3501 quorsum
955 3439 1093 3487 sumamus
1110 3434 1271 3502 suasae

195 3504 400 3557 vindobonensis
417 3506 535 3571 vestigiis
558 3506 608 3556 iam
632 3505 778 3557 restituerat
794 3504 924 3571 Peiperus.
959 3519 1089 3556 sumamus
1107 3503 1184 3570 igitur
1204 3503 1272 3556 hanc

194 3573 277 3640 ipsam
294 3573 394 3626 Etrusci
416 3574 496 3627 fuisse
517 3574 650 3640 pristinam
673 3574 833 3639 scripturam.
868 3578 899 3623 at
915 3573 1040 3623 cccmus
1056 3571 1125 3638 apud
1143 3571 1272 3624 Senecam

195 3642 299 3708 proprio
316 3657 393 3693 sensu
410 3641 504 3708 legitur
521 3647 620 3693 tantum
631 3640 698 3708 roy.
710 3644 743 3694 32
753 3642 877 3706 superos
888 3639 1021 3700 tratribus
1034 3655 1119 3706 rogus
1131 3640 1271 3691 accidant.

194 3712 227 3761 51
253 3711 362 3761 accidat
390 3711 464 3761 casio
492 3711 556 3762 diss.
598 3708 640 3760 flu
666 3712 731 3761 1163
760 3724 820 3759 curu
845 3724 930 3773 paens
954 3708 1036 3773 ispsr's
1060 3707 1162 3758 sucidis
1188 3706 1272 3759 Titus

196 3781 278 3842 equis.
306 3777 354 3842 Ag.
364 3780 415 3830 494
434 3778 564 3828 occidunt
580 3780 657 3843 ignes
671 3782 772 3839 tamem
793 3775 916 3828 translato
930 3779 1028 3827 tantum
1039 3792 1070 3828 eo
1081 3775 1127 3842 qui
1138 3782 1166 3827 et
1177 3774 1272 3829 Ouidio

195 3844 272 3895 vaide
289 3845 398 3897 usitatus
416 3861 464 3897 uec
482 3845 595 3911 Vergilio
613 3845 718 3911 ignotus
736 3852 777 3896 est
793 3847 860 3909 (aen.
873 3843 892 3908 Ι,
910 3846 962 3909 25),
980 3850 1009 3895 nt
1026 3843 1127 3895 scilicet
1143 3842 1273 3896 excidisse

195 3909 295 3963 diesim
312 3910 382 3978 quod
400 3914 519 3964 memoria
537 3913 671 3966 exciderit:
689 3911 746 3964 Tro.
757 3915 808 3965 104
824 3912 1063 3964 suciditdclriiias.
1090 3914 1141 3964 114
1157 3913 1274 3963 assidu
