2652 4486
536 229 654 273 borovia

186 375 317 453 verbera,
340 394 438 439 saevas
460 396 544 458 passa
568 390 695 457 catenas,

184 462 300 537 sunere,
323 461 431 539 luctus,
455 463 573 526 tandem
595 465 686 529 letum

185 547 313 609 cruciata
335 546 396 610 diu.
441 548 510 610 felix
532 549 666 613 thalamis

183 632 263 695 Liria
286 631 374 694 Drusi
397 633 533 713 natisque
553 635 650 697 ferum

184 718 245 779 ruit
266 718 296 779 in
320 718 434 780 facinus
458 737 644 801 poenamque
667 741 759 787 suam.

185 802 258 865 luha
281 802 383 865 matris
406 804 462 866 tata
485 814 585 867 secuta
607 815 668 881 est;

183 899 252 968 post
273 888 362 968 longa
384 895 480 951 tamen
504 896 638 971 tempora
659 893 739 954 ierro

184 991 273 1035 oaesa
291 982 345 1049 est,
367 974 500 1052 quamvis
522 975 647 1039 erimine
670 979 762 1040 nullo.

182 1058 253 1138 quid
276 1077 337 1120 non
360 1058 456 1139 potuit
477 1061 626 1138 quondam
649 1064 783 1141 genetrix

185 1155 234 1206 tua
256 1161 332 1223 quae
355 1145 430 1206 rexit
450 1144 597 1225 prinoipis
619 1147 713 1210 aulam

183 1246 249 1290 cara
271 1228 375 1291 uiarito
398 1239 545 1309 partuque
568 1230 698 1311 potens?

183 1314 284 1376 eadam
306 1313 416 1376 famulo
438 1313 570 1377 subiecta
592 1335 646 1378 suo

183 1398 289 1461 oecidit
310 1399 366 1461 diri
389 1399 490 1461 militis
512 1419 592 1462 ense.

183 1484 255 1564 quid
277 1485 325 1546 oui
348 1483 433 1547 licuit
453 1503 580 1565 regnum
603 1486 634 1548 in
657 1488 769 1550 eaelum

183 1587 312 1650 sperare,
334 1587 444 1650 parens
465 1578 545 1632 tanta
567 1570 717 1634 Neronis?

183 1673 244 1716 non
267 1656 384 1716 funesta
406 1654 509 1717 violata
532 1674 621 1718 manu

183 1739 302 1819 remigis
323 1748 402 1815 ante,

181 1843 250 1886 mox
272 1834 302 1886 et
324 1826 403 1887 ferro
425 1823 552 1888 lacerata
574 1826 624 1887 diu

182 1911 259 1972 saevi
282 1910 371 1972 iacuit
392 1909 507 1971 victima
530 1908 616 1973 nati?

181 2013 244 2056 oer.
289 1994 336 2056 Me
358 2012 477 2075 quoque
500 1995 598 2057 tristes
621 1997 709 2058 mittit
730 1998 766 2059 ad
788 1998 909 2061 umbras

181 2080 263 2141 ferus
285 2089 315 2141 et
335 2097 438 2141 manes
461 2098 531 2142 ecoe
554 2088 707 2161 tyrannus.

181 2164 253 2244 quid
275 2164 330 2226 iarn
354 2166 462 2226 frustra
485 2164 649 2228 miseranda
673 2164 796 2229 moror?

91 2264 95 2269 ·
181 2249 276 2330 rapite
298 2250 333 2312 ad
356 2250 447 2312 letum
470 2250 538 2329 quis
560 2250 606 2313 ius
629 2251 660 2312 in
683 2271 739 2314 nos

180 2334 311 2397 Fortuna
334 2334 422 2396 dedit
467 2343 560 2397 testor
581 2354 707 2417 superos
729 2373 771 2385 -

180 2419 251 2499 quid
273 2421 345 2498 agis,
368 2416 512 2481 demens?
541 2438 630 2500 paroe
653 2423 768 2502 precari
801 2428 806 2437 '

180 2503 289 2583 quibus
311 2504 402 2566 invisa
426 2522 457 2566 es
480 2507 602 2568 numina
624 2506 733 2569 divum.

121 2589 123 2595 '
180 2588 304 2651 Tartara
327 2596 419 2650 testor

180 2672 329 2754 Erebique
351 2675 419 2736 deas
442 2675 589 2737 scelerum
611 2674 732 2737 ultrices

179 2768 209 2820 et
230 2766 270 2832 te,
292 2759 410 2838 genitor
451 2786 470 2820 a
537 2788 554 2822 a
599 2761 722 2840 dignum
744 2761 794 2823 tali

178 2850 273 2905 morte
295 2851 324 2905 et
346 2862 456 2924 poena:
481 2863 541 2907 uon
565 2845 658 2908 inrisa
680 2852 725 2906 est

179 2946 260 2989 more
281 2927 336 2990 ista
357 2928 439 2990 mihi.

179 3021 288 3075 armate
310 3022 412 3088 ratem,
436 3013 500 3076 date
522 3015 585 3077 reia
608 3015 691 3076 iretis

180 3099 334 3178 ventisque
357 3106 437 3179 petat
459 3099 570 3179 puppis
592 3107 690 3161 rector

178 3182 371 3245 Pandatariae
393 3182 478 3245 litora
501 3192 606 3245 terrae.

178 3287 262 3329 caou
306 3267 403 3330 Lenes
425 3286 512 3331 aurae
535 3269 714 3349 zephyrique
736 3267 824 3345 leves,

178 3361 283 3415 tentam
307 3352 455 3433 quondam
478 3353 558 3416 nube
579 3353 708 3415 aetheria

139 3556 185 3606 948
203 3553 266 3606 texit
287 3552 358 3604 ΤΗΙ)
434 3556 484 3606 956
502 3551 606 3604 tandem
628 3553 644 3604 i.
665 3551 686 3603 0
757 3554 875 3605 965-67
894 3551 947 3603 duo
972 3552 1080 3603 dimetri
1100 3559 1126 3604 ot

59 3627 211 3673 monomater
228 3625 257 3672 in
275 3621 352 3672 oodd.
421 3620 619 3684 unaminiter]
640 3619 723 3672 mittet
741 3620 799 3672 roll.
868 3622 918 3673 959
937 3619 954 3673 i.
972 3619 1004 3672 ad
1022 3635 1054 3672 m.
1074 3619 1124 3671 Mo

59 3693 106 3744 961
124 3689 210 3757 quibua
228 3693 252 3741 Φ
270 3689 310 3742 ius
327 3689 420 3757 quibua
436 3689 463 3741 in
482 3687 560 3741 noth
611 3691 663 3743 964
679 3688 772 3756 quibua
791 3687 847 3752 ΦΒ]
866 3688 923 3756 quia
941 3686 995 3740 ΝΠ
1009 3688 1125 3756 quisquis

60 3757 91 3809 M
137 3759 183 3811 966
200 3756 263 3810 deos
276 3758 308 3809 M
361 3760 411 3812 967
431 3758 611 3809 desideramus
634 3759 852 3824 imprecationem
874 3756 967 3809 talama
990 3756 1067 3825 perde
1084 3759 1125 3824 ty·

61 3840 158 3878 randum
215 3827 265 3879 9¹12
284 3825 387 3877 taudem
398 3824 504 3878 Pharide
516 3825 603 3876 ΣΦΙΠ
616 3823 719 3892 (pharee
736 3823 758 3876 Τ
772 3825 835 3877 ferie
849 3824 869 3891 l)
884 3829 1004 3877 correxit
1018 3823 1125 3891 Lipsius

61 3897 109 3948 oto
125 3908 190 3945 cnon.
209 3910 260 3946 om.
280 3893 339 3946 949.
357 3923 391 3932 -
408 3893 479 3947 lenes
497 3891 554 3961 Σι]
572 3893 643 3946 leves
662 3893 896 3948 (ψη-416664
914 3892 937 3957 Q
988 3895 1038 3946 974
1053 3892 1123 3945 ethe-

61 3975 102 4015 rea
118 3960 194 4026 201ss
210 3962 296 4015 ethera
314 3960 337 4012 Ii
355 3977 425 4015 oorr.
444 3965 463 4026 ς

768 4040 772 4047 “
862 4044 918 4098 24*
