2776 4476
502 231 647 275 uuncvnus
664 215 793 291 [nonnus]

390 382 507 444 Lchs

109 502 197 563 Vrbis
212 520 319 581 regens
335 502 477 582 opulenta
491 501 648 564 Thebanae
663 501 727 563 loca

112 597 142 651 et
156 606 245 649 omne
260 586 405 666 quidquid
420 586 504 648 uberi
520 587 614 665 cingit
627 586 691 647 solo

112 672 231 753 obliqua
246 671 365 748 Phocis,
380 670 524 752 quidquid
539 671 671 733 Ismenos
687 673 772 752 rigat,

115 757 257 838 quidquid
274 756 431 819 Cithaeron
446 757 555 818 vertice
570 757 685 818 excelso
701 757 787 832 videt,

115 863 176 905 non
192 851 286 904 vetera
302 843 413 923 patriae
429 842 493 903 iura
507 841 644 922 possideo
661 842 767 903 domus

114 929 236 1008 ignavus
252 928 355 1002 heres3
372 925 485 988 nohiles
502 944 562 988 non
578 933 649 987 sunt
662 926 734 987 mihi

115 1014 160 1075 avi
176 1030 231 1075 nec
246 1011 311 1074 altis
326 1010 460 1073 inclitum
475 1011 569 1073 titulis
587 1030 691 1091 genus,

113 1099 166 1160 sed
183 1097 259 1159 clara
273 1098 381 1159 virtus:
399 1097 450 1176 qui
466 1114 561 1175 genus
576 1097 663 1158 iactat
681 1115 779 1175 suurn,

112 1183 210 1244 aliena
225 1183 330 1243 laudat.
361 1191 443 1262 rapta
459 1183 510 1243 sed
525 1182 640 1260 trepida
656 1201 745 1243 manu

113 1276 232 1347 sceptra
248 1267 434 1341 obtinentem
451 1268 547 1329 omnis
562 1268 593 1328 in
609 1267 689 1328 serro
702 1277 747 1329 est
761 1268 854 1331 salus:

114 1353 194 1432 quod
211 1352 322 1414 civibus
336 1361 439 1413 tenere
454 1361 483 1413 te
498 1352 596 1413 invitis
611 1352 687 1414 scias

114 1438 236 1499 strictus
250 1445 351 1499 tuetur
365 1438 455 1499 ensis.
484 1436 580 1499 alieno
596 1437 627 1497 in
642 1436 709 1498 loco

113 1523 187 1584 haut
201 1522 304 1584 stabile
319 1540 445 1600 regnum
461 1534 521 1597 est;
538 1541 595 1583 una
612 1523 662 1583 sed
679 1531 795 1584 nostras
810 1530 908 1603 potest

113 1608 239 1669 fundare
254 1607 330 1669 vires
345 1607 444 1668 iuncta
458 1606 550 1686 regali
564 1610 627 1668 lace

113 1692 310 1772 thalamisque
325 1693 456 1772 Megara:
477 1692 566 1754 ducet
581 1711 597 1753 e
614 1709 723 1771 genere
739 1691 840 1753 inclito

115 1779 229 1840 novitas
244 1780 372 1839 colorem
388 1785 498 1839 nostra.
534 1796 594 1838 non
612 1777 749 1857 equidem
764 1795 833 1838 reor

12 1868 20 1891 ’
115 1864 180 1925 lore
196 1871 229 1925 ut
243 1872 360 1924 recuset
375 1882 409 1924 ac
424 1881 506 1924 meos
520 1871 642 1942 spernat
656 1871 755 1936 toros3

116 1947 196 2028 quod
211 1948 236 2009 si
252 1948 407 2027 impotenti
422 1948 556 2028 pertinax
571 1948 669 2008 animo
685 1947 804 2024 abnuet,

116 2044 174 2096 stat
188 2033 292 2094 tollere
308 2051 426 2094 omnem
440 2033 561 2112 penitus
577 2030 749 2094 Herculeam
766 2033 894 2094 domum.

116 2119 225 2180 invidia
239 2119 348 2180 sactum
364 2137 398 2179 ac
411 2136 508 2180 sermo
524 2119 677 2198 popularis
692 2114 829 2197 premet?

117 2223 165 2266 ars
180 2203 275 2284 prima
289 2203 374 2281 regni
390 2211 435 2265 est
448 2222 537 2283 posse
554 2203 571 2265 't
586 2202 722 2264 invidiam
738 2202 810 2283 pati.

117 2296 295 2369 temptemus
310 2288 410 2368 igitur,
424 2288 487 2349 fors
502 2288 582 2349 dedit
596 2287 682 2350 nobis
697 2289 805 2349 locum.

119 2393 247 2455 namque
262 2374 336 2453 ipsa,
351 2373 427 2434 tristi
444 2372 532 2434 vestis
548 2373 671 2436 obtentu
688 2381 778 2453 caput

118 2461 219 2535 velata,
234 2459 314 2520 iuxta
328 2458 477 2539 praesides
492 2468 565 2521 astat
580 2459 651 2519 deos

117 2546 262 2623 laterique
278 2543 415 2605 adhaeret
428 2562 516 2604 verus
530 2544 648 2605 Alcidae
663 2552 752 2604 sator.

119 2648 188 2692 unc.
224 2628 369 2701 Quidnam
384 2628 449 2703 iste,
466 2629 560 2689 nostri
576 2628 693 2709 generis
710 2627 831 2689 exitium
846 2646 880 2688 ac
893 2626 968 2703 lues,

120 2715 188 2776 novi
204 2711 308 2793 parati
329 2713 401 2792 quid
416 2711 561 2793 temptati
611 2733 674 2775 nuc.
706 2713 730 2774 Ο
750 2713 861 2774 clarum
877 2712 996 2774 trahens

119 2820 134 2861 a
150 2800 244 2878 stirpe
259 2817 368 2860 nomen
383 2799 474 2877 regia,
490 2798 583 2860 facilis
597 2817 662 2860 mea

118 2901 281 2964 parumper
295 2901 367 2944 aure
381 2882 467 2945 verba
483 2883 604 2964 patienti
621 2884 732 2964 excipe.

120 2969 145 3030 si
161 2977 279 3030 aeterna
293 2986 411 3047 semper
425 2969 490 3030 odia
505 2970 643 3031 mortales
659 2975 762 3047 gerant

120 3072 178 3115 nec
193 3060 315 3133 coeptus
329 3072 470 3134 umquam
486 3054 569 3115 cedat
585 3073 621 3115 ex
635 3053 740 3115 animis
754 3052 848 3127 luror,

121 3139 174 3199 sed
189 3156 267 3198 arma
281 3138 351 3200 felix
366 3148 466 3200 teneat
479 3139 581 3201 infelix
595 3149 688 3220 paret,

122 3294 148 3342 et
164 3289 225 3342 hina
242 3288 343 3341 findens
359 3288 469 3341 Isthmos
487 3288 561 3340 exilis
578 3288 643 3341 heta
1153 3296 1193 3339 ato

207 3426 343 3477 ast-ato
361 3424 489 3489 Megas-oe
507 3426 701 3476 conducantur
712 3425 737 3475 A
805 3426 854 3477 332
873 3422 955 3475 urhis:
973 3422 982 3474 i
998 3421 1016 3475 2
1033 3436 1067 3474 m.
1086 3437 1121 3472 ece
1138 3435 1152 3471 e
1170 3416 1196 3471 d

123 3493 171 3545 333
190 3491 267 3544 ubere
284 3491 309 3542 E
378 3491 615 3559 coapostatae
675 3494 725 3546 336
743 3492 840 3543 delevit
856 3491 982 3557 Peiperuo
1043 3491 1091 3543 33l
1111 3504 1195 3539 novae

121 3575 234 3610 scaenae
251 3560 335 3627 Lycus
351 3559 455 3628 Megara
471 3560 640 3628 Amphitryon
665 3562 823 3610 imertde'tur
840 3560 864 3610 A
939 3560 987 3612 341
1009 3563 1073 3624 post
1089 3561 1161 3623 rapta
1180 3558 1194 3608 1

122 3628 162 3681 lit.
181 3643 259 3679 ormo
276 3627 302 3678 u
354 3630 403 3681 343
420 3634 508 3682 tenere
525 3635 564 3684 te:
582 3643 610 3680 re
629 3634 654 3679 te
672 3644 749 3693 eran,
766 3631 849 3679 tras.
868 3631 908 3679 tur
925 3625 1022 3679 2nch
1038 3627 1150 3690 (tenetur
1167 3628 1196 3688 ς)

123 3699 172 3749 335
195 3696 269 3748 haut:
292 3695 309 3747 h
333 3696 395 3748 add.
412 3697 431 3749 2
447 3713 481 3750 m,
500 3697 525 3748 lt
593 3699 643 3750 347
667 3695 785 3748 thalamis
809 3694 927 3762 llaegera
948 3694 1024 3747 ducet
1046 3696 1072 3745 et
1094 3708 1119 3759 g.
1137 3693 1154 3745 i.
1171 3692 1197 3743 Ε

123 3766 172 3817 352
190 3763 284 3816 lustum
295 3764 320 3814 A
389 3767 438 3818 353
457 3780 534 3833 posse
550 3764 672 3817 invidiam
690 3763 750 3814 uA
768 3767 828 3831 pte
846 3763 889 3814 vel
904 3762 937 3814 ad
954 3764 1037 3827 ηις
1054 3778 1081 3830 p.
1099 3762 1125 3812 in
1143 3761 1196 3812 inv.

123 3831 271 3884 Richter-m.
298 3847 368 3898 quae
387 3838 515 3900 temptaui
532 3834 636 3899 duplici
651 3835 759 3883 ratione
772 3831 1045 3898 comprehenduntur:
1065 3844 1142 3899 posse
1153 3844 1196 3881 ru·

123 3915 206 3953 mores
223 3900 291 3969 pnti3
317 3900 400 3968 plebis
418 3902 540 3954 invidiam
557 3901 611 3967 pati
681 3902 732 3954 354
755 3900 839 3953 locum
856 3898 967 3952 nohisld
1036 3902 1085 3955 353
1104 3914 1154 3950 om.
1171 3898 1197 3949 u

124 3970 172 4022 362
190 3969 311 4022 mortales
328 3975 406 4036 agant
423 3971 447 4021 A
