<?xml version="1.0" encoding="UTF-8"?>
<!DOCTYPE html PUBLIC "-//W3C//DTD XHTML 1.0 Transitional//EN"
    "http://www.w3.org/TR/xhtml1/DTD/xhtml1-transitional.dtd">
<html xmlns="http://www.w3.org/1999/xhtml" xml:lang="en" lang="en">
 <head>
  <title>
</title>
<meta http-equiv="Content-Type" content="text/html;charset=utf-8" />
  <meta name='ocr-system' content='tesseract 3.04.00' />
  <meta name='ocr-capabilities' content='ocr_page ocr_carea ocr_par ocr_line ocrx_word'/>
</head>
<body>
  <div class='ocr_page' id='page_1' title='image "./lannaeisenecaet00leogoog_0577.png"; bbox 0 0 2658 4488; ppageno 0'>
   <div class='ocr_carea' id='block_1_1' title="bbox 166 217 857 281">
    <p class='ocr_par' dir='ltr' id='par_1_1' title="bbox 166 217 857 281">
     <span class='ocr_line' id='line_1_1' title="bbox 166 217 857 281; baseline 0 -1"><span class='ocrx_word' id='word_1_1' title='bbox 166 217 229 281; x_wconf 77' lang='lat'>284</span> <span class='ocrx_word' id='word_1_2' title='bbox 553 237 580 280; x_wconf 85' lang='lat' dir='ltr'>i..</span> <span class='ocrx_word' id='word_1_3' title='bbox 603 237 707 279; x_wconf 81' lang='lat' dir='ltr'>inuam</span> <span class='ocrx_word' id='word_1_4' title='bbox 730 237 857 280; x_wconf 81' lang='lat' dir='ltr'>suunciii</span> 
     </span>
    </p>
   </div>
   <div class='ocr_carea' id='block_1_2' title="bbox 92 386 1079 3537">
    <p class='ocr_par' dir='ltr' id='par_1_2' title="bbox 167 386 952 554">
     <span class='ocr_line' id='line_1_2' title="bbox 167 386 952 468; baseline 0.001 -20"><span class='ocrx_word' id='word_1_5' title='bbox 167 388 224 448; x_wconf 91' lang='lat' dir='ltr'>iam</span> <span class='ocrx_word' id='word_1_6' title='bbox 248 397 342 449; x_wconf 89' lang='lat' dir='ltr'>cessat</span> <span class='ocrx_word' id='word_1_7' title='bbox 364 386 406 448; x_wconf 91' lang='lat' dir='ltr'>ira</span> <span class='ocrx_word' id='word_1_8' title='bbox 428 422 471 433; x_wconf 91' lang='lat'><em>-</em></span> <span class='ocrx_word' id='word_1_9' title='bbox 494 388 564 468; x_wconf 89' lang='lat' dir='ltr'>quid</span> <span class='ocrx_word' id='word_1_10' title='bbox 587 388 677 449; x_wconf 86' lang='lat' dir='ltr'>miser</span> <span class='ocrx_word' id='word_1_11' title='bbox 698 389 821 468; x_wconf 83' lang='lat' dir='ltr'>langues</span> <span class='ocrx_word' id='word_1_12' title='bbox 843 386 952 450; x_wconf 82' lang='lat' dir='ltr'>dolcr‘l</span> 
     </span>
     <span class='ocr_line' id='line_1_3' title="bbox 167 471 825 554; baseline 0.002 -21"><span class='ocrx_word' id='word_1_13' title='bbox 167 471 266 553; x_wconf 89' lang='lat' dir='ltr'>perdis</span> <span class='ocrx_word' id='word_1_14' title='bbox 289 474 431 548; x_wconf 81' lang='lat' dir='ltr'>furerem,</span> <span class='ocrx_word' id='word_1_15' title='bbox 454 473 591 554; x_wconf 83' lang='lat' dir='ltr'>coniugis</span> <span class='ocrx_word' id='word_1_16' title='bbox 613 472 717 535; x_wconf 88' lang='lat' dir='ltr'>tacitae</span> <span class='ocrx_word' id='word_1_17' title='bbox 739 473 825 535; x_wconf 84' lang='lat' dir='ltr'>tidem</span> 
     </span>
    </p>

    <p class='ocr_par' dir='ltr' id='par_1_3' title="bbox 167 556 993 810">
     <span class='ocr_line' id='line_1_4' title="bbox 167 556 980 638; baseline 0 -19"><span class='ocrx_word' id='word_1_18' title='bbox 167 558 239 619; x_wconf 89' lang='lat' dir='ltr'>milii</span> <span class='ocrx_word' id='word_1_19' title='bbox 261 557 359 619; x_wconf 83' lang='lat' dir='ltr'>reddis</span> <span class='ocrx_word' id='word_1_20' title='bbox 382 558 488 622; x_wconf 92' lang='lat' dir='ltr'>iterum</span> <span class='ocrx_word' id='word_1_21' title='bbox 509 596 553 607; x_wconf 91' lang='grc'>-</span> <span class='ocrx_word' id='word_1_22' title='bbox 575 558 645 638; x_wconf 87' lang='lat' dir='ltr'>quid</span> <span class='ocrx_word' id='word_1_23' title='bbox 669 567 747 620; x_wconf 87' lang='lat' dir='ltr'>vetas</span> <span class='ocrx_word' id='word_1_24' title='bbox 768 560 899 620; x_wconf 86' lang='lat' dir='ltr'>dammas</span> <span class='ocrx_word' id='word_1_25' title='bbox 920 556 980 621; x_wconf 79' lang='lat' dir='ltr'>alil</span> 
     </span>
     <span class='ocr_line' id='line_1_5' title="bbox 168 642 993 725; baseline 0.001 -21"><span class='ocrx_word' id='word_1_26' title='bbox 168 643 239 724; x_wconf 89' lang='lat' dir='ltr'>quid</span> <span class='ocrx_word' id='word_1_27' title='bbox 263 643 375 721; x_wconf 77' lang='lat' dir='ltr'><strong>frangis</strong></span> <span class='ocrx_word' id='word_1_28' title='bbox 397 642 506 724; x_wconf 77' lang='lat' dir='ltr'>ignes?</span> <span class='ocrx_word' id='word_1_29' title='bbox 536 644 618 706; x_wconf 88' lang='lat' dir='ltr'>hunc</span> <span class='ocrx_word' id='word_1_30' title='bbox 640 643 712 704; x_wconf 92' lang='lat' dir='ltr'>milii</span> <span class='ocrx_word' id='word_1_31' title='bbox 735 662 817 706; x_wconf 87' lang='lat' dir='ltr'>serva</span> <span class='ocrx_word' id='word_1_32' title='bbox 840 645 993 725; x_wconf 85' lang='lat' dir='ltr'>impeturn,</span> 
     </span>
     <span class='ocr_line' id='line_1_6' title="bbox 168 728 818 810; baseline 0 -19"><span class='ocrx_word' id='word_1_33' title='bbox 168 747 254 810; x_wconf 87' lang='lat' dir='ltr'>pares</span> <span class='ocrx_word' id='word_1_34' title='bbox 278 747 379 791; x_wconf 90' lang='lat' dir='ltr'>eamus</span> <span class='ocrx_word' id='word_1_35' title='bbox 402 764 444 777; x_wconf 93' lang='lat'><em>-</em></span> <span class='ocrx_word' id='word_1_36' title='bbox 466 747 528 792; x_wconf 87' lang='lat' dir='ltr'>non</span> <span class='ocrx_word' id='word_1_37' title='bbox 552 729 607 792; x_wconf 90' lang='lat' dir='ltr'>erit</span> <span class='ocrx_word' id='word_1_38' title='bbox 628 728 703 791; x_wconf 85' lang='lat' dir='ltr'>votis</span> <span class='ocrx_word' id='word_1_39' title='bbox 726 748 818 810; x_wconf 89' lang='lat' dir='ltr'>opus:</span> 
     </span>
    </p>

    <p class='ocr_par' dir='ltr' id='par_1_4' title="bbox 167 814 879 894">
     <span class='ocr_line' id='line_1_7' title="bbox 167 814 879 894; baseline -0.001 -19"><span class='ocrx_word' id='word_1_40' title='bbox 167 814 260 877; x_wconf 91' lang='lat' dir='ltr'>aderit</span> <span class='ocrx_word' id='word_1_41' title='bbox 283 832 407 876; x_wconf 83' lang='lat' dir='ltr'>noverca</span> <span class='ocrx_word' id='word_1_42' title='bbox 431 833 506 894; x_wconf 87' lang='lat' dir='ltr'>quae</span> <span class='ocrx_word' id='word_1_43' title='bbox 528 833 634 877; x_wconf 86' lang='lat' dir='ltr'>manus</span> <span class='ocrx_word' id='word_1_44' title='bbox 657 824 774 877; x_wconf 88' lang='lat' dir='ltr'>nostras</span> <span class='ocrx_word' id='word_1_45' title='bbox 797 821 879 894; x_wconf 78' lang='lat' dir='ltr'>regat</span> 
     </span>
    </p>

    <p class='ocr_par' dir='ltr' id='par_1_5' title="bbox 166 896 1014 1150">
     <span class='ocr_line' id='line_1_8' title="bbox 167 896 1014 980; baseline -0.002 -20"><span class='ocrx_word' id='word_1_46' title='bbox 167 919 223 961; x_wconf 90' lang='lat' dir='ltr'>nec</span> <span class='ocrx_word' id='word_1_47' title='bbox 246 899 387 961; x_wconf 78' lang='lat' dir='ltr'>invocata.</span> <span class='ocrx_word' id='word_1_48' title='bbox 432 918 496 960; x_wconf 85' lang='lat' dir='ltr'>nir.</span> <span class='ocrx_word' id='word_1_49' title='bbox 541 900 621 979; x_wconf 87' lang='lat' dir='ltr'>quod</span> <span class='ocrx_word' id='word_1_50' title='bbox 644 918 730 980; x_wconf 92' lang='lat' dir='ltr'>paras</span> <span class='ocrx_word' id='word_1_51' title='bbox 752 901 873 962; x_wconf 88' lang='lat' dir='ltr'>demens</span> <span class='ocrx_word' id='word_1_52' title='bbox 895 896 1014 961; x_wconf 76' lang='lat' dir='ltr'>scelus?</span> 
     </span>
     <span class='ocr_line' id='line_1_9' title="bbox 166 985 818 1065; baseline 0 -19"><span class='ocrx_word' id='word_1_53' title='bbox 166 985 295 1065; x_wconf 79' lang='lat' dir='ltr'>perimes</span> <span class='ocrx_word' id='word_1_54' title='bbox 317 985 454 1046; x_wconf 87' lang='lat' dir='ltr'>maritum</span> <span class='ocrx_word' id='word_1_55' title='bbox 478 986 562 1047; x_wconf 85' lang='lat' dir='ltr'>cuius</span> <span class='ocrx_word' id='word_1_56' title='bbox 585 992 734 1047; x_wconf 82' lang='lat' dir='ltr'>extremus</span> <span class='ocrx_word' id='word_1_57' title='bbox 757 986 818 1048; x_wconf 88' lang='lat' dir='ltr'>dies</span> 
     </span>
     <span class='ocr_line' id='line_1_10' title="bbox 167 1069 833 1150; baseline 0.003 -20"><span class='ocrx_word' id='word_1_58' title='bbox 167 1070 341 1150; x_wconf 81' lang='lat' dir='ltr'>primusque</span> <span class='ocrx_word' id='word_1_59' title='bbox 363 1069 463 1132; x_wconf 90' lang='lat' dir='ltr'>laudes</span> <span class='ocrx_word' id='word_1_60' title='bbox 485 1071 567 1131; x_wconf 88' lang='lat' dir='ltr'>novit</span> <span class='ocrx_word' id='word_1_61' title='bbox 589 1079 619 1132; x_wconf 93' lang='lat' dir='ltr'>et</span> <span class='ocrx_word' id='word_1_62' title='bbox 641 1071 721 1133; x_wconf 87' lang='lat' dir='ltr'>caelo</span> <span class='ocrx_word' id='word_1_63' title='bbox 744 1079 833 1133; x_wconf 91' lang='lat' dir='ltr'>tenus</span> 
     </span>
    </p>

    <p class='ocr_par' dir='ltr' id='par_1_6' title="bbox 167 1153 800 1236">
     <span class='ocr_line' id='line_1_11' title="bbox 167 1153 800 1236; baseline -0.002 -20"><span class='ocrx_word' id='word_1_64' title='bbox 167 1162 263 1216; x_wconf 91' lang='lat' dir='ltr'>erecta</span> <span class='ocrx_word' id='word_1_65' title='bbox 286 1165 380 1216; x_wconf 83' lang='lat' dir='ltr'>terras</span> <span class='ocrx_word' id='word_1_66' title='bbox 402 1156 477 1217; x_wconf 89' lang='lat' dir='ltr'>lama</span> <span class='ocrx_word' id='word_1_67' title='bbox 499 1156 669 1236; x_wconf 86' lang='lat' dir='ltr'>suppositas</span> <span class='ocrx_word' id='word_1_68' title='bbox 691 1153 800 1218; x_wconf 87' lang='lat' dir='ltr'>habet?</span> 
     </span>
    </p>

    <p class='ocr_par' dir='ltr' id='par_1_7' title="bbox 158 1237 898 1486">
     <span class='ocr_line' id='line_1_12' title="bbox 158 1237 855 1320; baseline 0.001 -20"><span class='ocrx_word' id='word_1_69' title='bbox 158 1237 322 1301; x_wconf 68' lang='lat' dir='ltr'>&#39;Graiorum</span> <span class='ocrx_word' id='word_1_70' title='bbox 347 1240 376 1301; x_wconf 92' lang='lat' dir='ltr'>in</span> <span class='ocrx_word' id='word_1_71' title='bbox 400 1240 472 1302; x_wconf 87' lang='lat' dir='ltr'>istos</span> <span class='ocrx_word' id='word_1_72' title='bbox 495 1250 572 1303; x_wconf 89' lang='lat' dir='ltr'>terra</span> <span class='ocrx_word' id='word_1_73' title='bbox 596 1252 757 1320; x_wconf 78' lang='lat' dir='ltr'>consurget</span> <span class='ocrx_word' id='word_1_74' title='bbox 779 1241 855 1302; x_wconf 92' lang='lat' dir='ltr'>lares</span> 
     </span>
     <span class='ocr_line' id='line_1_13' title="bbox 166 1323 890 1405; baseline 0.004 -20"><span class='ocrx_word' id='word_1_75' title='bbox 166 1323 331 1404; x_wconf 86' lang='lat' dir='ltr'>domusque</span> <span class='ocrx_word' id='word_1_76' title='bbox 354 1325 449 1388; x_wconf 86' lang='lat' dir='ltr'>soceri</span> <span class='ocrx_word' id='word_1_77' title='bbox 470 1326 565 1405; x_wconf 90' lang='lat' dir='ltr'>prima</span> <span class='ocrx_word' id='word_1_78' title='bbox 587 1334 616 1387; x_wconf 91' lang='lat' dir='ltr'>et</span> <span class='ocrx_word' id='word_1_79' title='bbox 639 1326 772 1389; x_wconf 73' lang='lat' dir='ltr'>Aetolum</span> <span class='ocrx_word' id='word_1_80' title='bbox 796 1344 890 1405; x_wconf 78' lang='lat' dir='ltr'>genus</span> 
     </span>
     <span class='ocr_line' id='line_1_14' title="bbox 166 1411 898 1486; baseline 0.003 -16"><span class='ocrx_word' id='word_1_81' title='bbox 166 1418 317 1472; x_wconf 79' lang='lat' dir='ltr'>sternetur</span> <span class='ocrx_word' id='word_1_82' title='bbox 339 1429 438 1486; x_wconf 86' lang='lat' dir='ltr'>omne,</span> <span class='ocrx_word' id='word_1_83' title='bbox 461 1428 528 1473; x_wconf 80' lang='lat' dir='ltr'>saxa</span> <span class='ocrx_word' id='word_1_84' title='bbox 551 1411 741 1474; x_wconf 90' lang='lat' dir='ltr'>iamdudum</span> <span class='ocrx_word' id='word_1_85' title='bbox 764 1430 798 1473; x_wconf 88' lang='lat' dir='ltr'>ac</span> <span class='ocrx_word' id='word_1_86' title='bbox 820 1413 898 1473; x_wconf 91' lang='lat' dir='ltr'>laces</span> 
     </span>
    </p>

    <p class='ocr_par' dir='ltr' id='par_1_8' title="bbox 166 1495 802 1569">
     <span class='ocr_line' id='line_1_15' title="bbox 166 1495 802 1569; baseline 0.005 -13"><span class='ocrx_word' id='word_1_87' title='bbox 166 1495 196 1556; x_wconf 91' lang='lat' dir='ltr'>in</span> <span class='ocrx_word' id='word_1_88' title='bbox 220 1502 249 1556; x_wconf 91' lang='lat' dir='ltr'>te</span> <span class='ocrx_word' id='word_1_89' title='bbox 271 1495 414 1569; x_wconf 81' lang='lat' dir='ltr'>serentur,</span> <span class='ocrx_word' id='word_1_90' title='bbox 438 1495 582 1558; x_wconf 83' lang='lat' dir='ltr'>vindicem</span> <span class='ocrx_word' id='word_1_91' title='bbox 605 1496 694 1558; x_wconf 89' lang='lat' dir='ltr'>tellus</span> <span class='ocrx_word' id='word_1_92' title='bbox 715 1515 802 1559; x_wconf 84' lang='lat' dir='ltr'>suum</span> 
     </span>
    </p>

    <p class='ocr_par' dir='ltr' id='par_1_9' title="bbox 166 1578 878 1747">
     <span class='ocr_line' id='line_1_16' title="bbox 166 1578 878 1661; baseline 0 -20"><span class='ocrx_word' id='word_1_93' title='bbox 166 1580 304 1643; x_wconf 77' lang='lat' dir='ltr'>defendet</span> <span class='ocrx_word' id='word_1_94' title='bbox 326 1581 436 1642; x_wconf 89' lang='lat' dir='ltr'>omnis:</span> <span class='ocrx_word' id='word_1_95' title='bbox 461 1600 520 1643; x_wconf 91' lang='lat' dir='ltr'>una</span> <span class='ocrx_word' id='word_1_96' title='bbox 542 1592 616 1660; x_wconf 81' lang='lat' dir='ltr'>quet</span> <span class='ocrx_word' id='word_1_97' title='bbox 638 1600 750 1661; x_wconf 86' lang='lat' dir='ltr'>poenas</span> <span class='ocrx_word' id='word_1_98' title='bbox 773 1578 878 1643; x_wconf 75' lang='lat' dir='ltr'>dabis?</span> 
     </span>
     <span class='ocr_line' id='line_1_17' title="bbox 166 1666 876 1747; baseline 0 -20"><span class='ocrx_word' id='word_1_99' title='bbox 166 1666 296 1746; x_wconf 78' lang='lat' dir='ltr'>elingere</span> <span class='ocrx_word' id='word_1_100' title='bbox 319 1674 412 1728; x_wconf 88' lang='lat' dir='ltr'>terras</span> <span class='ocrx_word' id='word_1_101' title='bbox 434 1667 521 1728; x_wconf 87' lang='lat' dir='ltr'>erede</span> <span class='ocrx_word' id='word_1_102' title='bbox 545 1676 573 1728; x_wconf 92' lang='lat' dir='ltr'>et</span> <span class='ocrx_word' id='word_1_103' title='bbox 595 1668 758 1729; x_wconf 90' lang='lat' dir='ltr'>humanum</span> <span class='ocrx_word' id='word_1_104' title='bbox 781 1684 876 1747; x_wconf 78' lang='lat' dir='ltr'>genus</span> 
     </span>
    </p>

    <p class='ocr_par' dir='ltr' id='par_1_10' title="bbox 165 1750 896 1831">
     <span class='ocr_line' id='line_1_18' title="bbox 165 1750 896 1831; baseline -0.003 -18"><span class='ocrx_word' id='word_1_105' title='bbox 165 1760 194 1813; x_wconf 93' lang='lat' dir='ltr'>te</span> <span class='ocrx_word' id='word_1_106' title='bbox 216 1769 305 1830; x_wconf 87' lang='lat' dir='ltr'>posse</span> <span class='ocrx_word' id='word_1_107' title='bbox 326 1785 368 1795; x_wconf 95' lang='grc'><strong>-</strong></span> <span class='ocrx_word' id='word_1_108' title='bbox 389 1750 502 1813; x_wconf 90' lang='lat' dir='ltr'>lulmen</span> <span class='ocrx_word' id='word_1_109' title='bbox 525 1752 643 1831; x_wconf 77' lang='lat' dir='ltr'>genitur</span> <span class='ocrx_word' id='word_1_110' title='bbox 665 1752 784 1814; x_wconf 77' lang='lat' dir='ltr'>Alcidae</span> <span class='ocrx_word' id='word_1_111' title='bbox 806 1752 896 1830; x_wconf 78' lang='lat' dir='ltr'>gerit:</span> 
     </span>
    </p>

    <p class='ocr_par' dir='ltr' id='par_1_11' title="bbox 165 1836 833 1917">
     <span class='ocr_line' id='line_1_19' title="bbox 165 1836 833 1917; baseline 0.001 -20"><span class='ocrx_word' id='word_1_112' title='bbox 165 1836 222 1897; x_wconf 90' lang='lat' dir='ltr'>iani</span> <span class='ocrx_word' id='word_1_113' title='bbox 245 1837 301 1897; x_wconf 91' lang='lat' dir='ltr'>iam</span> <span class='ocrx_word' id='word_1_114' title='bbox 326 1837 455 1898; x_wconf 80' lang='lat' dir='ltr'>minaces</span> <span class='ocrx_word' id='word_1_115' title='bbox 477 1837 520 1898; x_wconf 86' lang='lat' dir='ltr'>ire</span> <span class='ocrx_word' id='word_1_116' title='bbox 542 1855 597 1917; x_wconf 90' lang='lat' dir='ltr'>per</span> <span class='ocrx_word' id='word_1_117' title='bbox 619 1836 731 1900; x_wconf 86' lang='lat' dir='ltr'>caelum</span> <span class='ocrx_word' id='word_1_118' title='bbox 755 1839 833 1899; x_wconf 86' lang='lat' dir='ltr'>laces</span> 
     </span>
    </p>

    <p class='ocr_par' dir='ltr' id='par_1_12' title="bbox 165 1921 1016 2173">
     <span class='ocr_line' id='line_1_20' title="bbox 165 1921 894 2002; baseline 0.001 -21"><span class='ocrx_word' id='word_1_119' title='bbox 165 1929 265 2002; x_wconf 88' lang='lat' dir='ltr'>specta</span> <span class='ocrx_word' id='word_1_120' title='bbox 288 1932 316 1984; x_wconf 90' lang='lat' dir='ltr'>et</span> <span class='ocrx_word' id='word_1_121' title='bbox 339 1932 490 1985; x_wconf 87' lang='lat' dir='ltr'>tonantem</span> <span class='ocrx_word' id='word_1_122' title='bbox 512 1921 637 1984; x_wconf 82' lang='lat' dir='ltr'>fulmine</span> <span class='ocrx_word' id='word_1_123' title='bbox 659 1942 784 1985; x_wconf 83' lang='lat' dir='ltr'>excusse</span> <span class='ocrx_word' id='word_1_124' title='bbox 807 1921 894 1983; x_wconf 90' lang='lat' dir='ltr'>diem.</span> 
     </span>
     <span class='ocr_line' id='line_1_21' title="bbox 165 2006 1016 2090; baseline -0.001 -23"><span class='ocrx_word' id='word_1_125' title='bbox 165 2016 290 2068; x_wconf 86' lang='lat' dir='ltr'>mertem</span> <span class='ocrx_word' id='word_1_126' title='bbox 313 2025 433 2087; x_wconf 87' lang='lat' dir='ltr'>qunque</span> <span class='ocrx_word' id='word_1_127' title='bbox 456 2008 560 2087; x_wconf 81' lang='lat' dir='ltr'>ipsam,</span> <span class='ocrx_word' id='word_1_128' title='bbox 584 2026 672 2089; x_wconf 86' lang='lat' dir='ltr'>quam</span> <span class='ocrx_word' id='word_1_129' title='bbox 695 2017 781 2090; x_wconf 89' lang='lat' dir='ltr'>putas</span> <span class='ocrx_word' id='word_1_130' title='bbox 803 2016 906 2083; x_wconf 87' lang='lat' dir='ltr'>tutam,</span> <span class='ocrx_word' id='word_1_131' title='bbox 929 2006 1016 2068; x_wconf 90' lang='lat' dir='ltr'>time:</span> 
     </span>
     <span class='ocr_line' id='line_1_22' title="bbox 166 2092 776 2173; baseline 0.002 -19"><span class='ocrx_word' id='word_1_132' title='bbox 166 2093 333 2154; x_wconf 86' lang='lat' dir='ltr'>dominatur</span> <span class='ocrx_word' id='word_1_133' title='bbox 355 2092 415 2153; x_wconf 90' lang='lat' dir='ltr'>illic</span> <span class='ocrx_word' id='word_1_134' title='bbox 437 2100 561 2173; x_wconf 90' lang='lat' dir='ltr'>patruus</span> <span class='ocrx_word' id='word_1_135' title='bbox 584 2094 701 2155; x_wconf 82' lang='lat' dir='ltr'>Alcidae</span> <span class='ocrx_word' id='word_1_136' title='bbox 723 2095 776 2157; x_wconf 85' lang='lat' dir='ltr'>tui.</span> 
     </span>
    </p>

    <p class='ocr_par' dir='ltr' id='par_1_13' title="bbox 165 2178 890 2258">
     <span class='ocr_line' id='line_1_23' title="bbox 165 2178 890 2258; baseline 0.001 -20"><span class='ocrx_word' id='word_1_137' title='bbox 165 2195 354 2258; x_wconf 86' lang='lat' dir='ltr'>quocumque</span> <span class='ocrx_word' id='word_1_138' title='bbox 377 2195 492 2257; x_wconf 85' lang='lat' dir='ltr'>perges,</span> <span class='ocrx_word' id='word_1_139' title='bbox 515 2178 632 2253; x_wconf 89' lang='lat' dir='ltr'>misera,</span> <span class='ocrx_word' id='word_1_140' title='bbox 655 2188 797 2258; x_wconf 80' lang='lat' dir='ltr'>cognatos</span> <span class='ocrx_word' id='word_1_141' title='bbox 819 2178 890 2239; x_wconf 85' lang='lat' dir='ltr'>dees</span> 
     </span>
    </p>

    <p class='ocr_par' dir='ltr' id='par_1_14' title="bbox 163 2261 876 2326">
     <span class='ocr_line' id='line_1_24' title="bbox 163 2261 876 2326; baseline 0.003 -4"><span class='ocrx_word' id='word_1_142' title='bbox 163 2262 225 2324; x_wconf 85' lang='lat' dir='ltr'>illie</span> <span class='ocrx_word' id='word_1_143' title='bbox 247 2261 366 2324; x_wconf 90' lang='lat' dir='ltr'>videbis.</span> <span class='ocrx_word' id='word_1_144' title='bbox 411 2282 468 2324; x_wconf 82' lang='lat' dir='ltr'>nei.</span> <span class='ocrx_word' id='word_1_145' title='bbox 512 2263 670 2325; x_wconf 82' lang='lat' dir='ltr'>Maximum</span> <span class='ocrx_word' id='word_1_146' title='bbox 692 2265 756 2326; x_wconf 87' lang='lat' dir='ltr'>deri</span> <span class='ocrx_word' id='word_1_147' title='bbox 778 2263 876 2325; x_wconf 86' lang='lat' dir='ltr'>scelus</span> 
     </span>
    </p>

    <p class='ocr_par' dir='ltr' id='par_1_15' title="bbox 166 2347 874 2428">
     <span class='ocr_line' id='line_1_25' title="bbox 166 2347 874 2428; baseline 0.006 -20"><span class='ocrx_word' id='word_1_148' title='bbox 166 2354 195 2409; x_wconf 91' lang='lat' dir='ltr'>et</span> <span class='ocrx_word' id='word_1_149' title='bbox 215 2348 280 2428; x_wconf 88' lang='lat' dir='ltr'>ipsa</span> <span class='ocrx_word' id='word_1_150' title='bbox 302 2348 405 2422; x_wconf 81' lang='lat' dir='ltr'>fateor,</span> <span class='ocrx_word' id='word_1_151' title='bbox 429 2347 479 2411; x_wconf 90' lang='lat' dir='ltr'>sed</span> <span class='ocrx_word' id='word_1_152' title='bbox 502 2347 586 2409; x_wconf 84' lang='lat' dir='ltr'>delur</span> <span class='ocrx_word' id='word_1_153' title='bbox 607 2348 671 2410; x_wconf 88' lang='lat' dir='ltr'>fieri</span> <span class='ocrx_word' id='word_1_154' title='bbox 695 2349 785 2412; x_wconf 88' lang='lat' dir='ltr'>iubet.</span> <span class='ocrx_word' id='word_1_155' title='bbox 869 2376 874 2383; x_wconf 88' lang='lat'><strong>·</strong></span> 
     </span>
    </p>

    <p class='ocr_par' dir='ltr' id='par_1_16' title="bbox 164 2431 1079 2582">
     <span class='ocr_line' id='line_1_26' title="bbox 164 2431 1079 2513; baseline -0.003 -19"><span class='ocrx_word' id='word_1_156' title='bbox 164 2452 228 2494; x_wconf 83' lang='lat' dir='ltr'>iuvr.</span> <span class='ocrx_word' id='word_1_157' title='bbox 272 2432 408 2495; x_wconf 81' lang='lat' dir='ltr'>Moriere.</span> <span class='ocrx_word' id='word_1_158' title='bbox 452 2452 511 2493; x_wconf 81' lang='lat' dir='ltr'>nni.</span> <span class='ocrx_word' id='word_1_159' title='bbox 555 2433 664 2495; x_wconf 88' lang='lat' dir='ltr'>llorlar</span> <span class='ocrx_word' id='word_1_160' title='bbox 686 2433 822 2496; x_wconf 88' lang='lat' dir='ltr'>Herculis</span> <span class='ocrx_word' id='word_1_161' title='bbox 846 2452 952 2513; x_wconf 89' lang='lat' dir='ltr'>nempe</span> <span class='ocrx_word' id='word_1_162' title='bbox 975 2431 1079 2493; x_wconf 91' lang='lat' dir='ltr'>incluti</span> 
     </span>
     <span class='ocr_line' id='line_1_27' title="bbox 165 2517 825 2582; baseline 0.002 -3"><span class='ocrx_word' id='word_1_163' title='bbox 165 2517 295 2580; x_wconf 81' lang='lat' dir='ltr'>coniunx</span> <span class='ocrx_word' id='word_1_164' title='bbox 320 2536 375 2579; x_wconf 86' lang='lat' dir='ltr'>nee</span> <span class='ocrx_word' id='word_1_165' title='bbox 398 2517 476 2580; x_wconf 91' lang='lat' dir='ltr'>ullus</span> <span class='ocrx_word' id='word_1_166' title='bbox 499 2527 586 2580; x_wconf 87' lang='lat' dir='ltr'>nocte</span> <span class='ocrx_word' id='word_1_167' title='bbox 608 2518 740 2582; x_wconf 88' lang='lat' dir='ltr'>discussa</span> <span class='ocrx_word' id='word_1_168' title='bbox 763 2519 825 2581; x_wconf 91' lang='lat' dir='ltr'>dies</span> 
     </span>
    </p>

    <p class='ocr_par' dir='ltr' id='par_1_17' title="bbox 165 2602 831 2684">
     <span class='ocr_line' id='line_1_28' title="bbox 165 2602 831 2684; baseline 0.005 -22"><span class='ocrx_word' id='word_1_169' title='bbox 165 2603 280 2665; x_wconf 89' lang='lat' dir='ltr'>viduam</span> <span class='ocrx_word' id='word_1_170' title='bbox 303 2602 416 2665; x_wconf 75' lang='lat' dir='ltr'>notabit</span> <span class='ocrx_word' id='word_1_171' title='bbox 438 2621 494 2665; x_wconf 88' lang='lat' dir='ltr'>nec</span> <span class='ocrx_word' id='word_1_172' title='bbox 516 2622 598 2665; x_wconf 88' lang='lat' dir='ltr'>meos</span> <span class='ocrx_word' id='word_1_173' title='bbox 621 2604 724 2684; x_wconf 83' lang='lat' dir='ltr'>paelex</span> <span class='ocrx_word' id='word_1_174' title='bbox 749 2613 831 2667; x_wconf 88' lang='lat' dir='ltr'>tores</span> 
     </span>
    </p>

    <p class='ocr_par' dir='ltr' id='par_1_18' title="bbox 165 2688 822 2856">
     <span class='ocr_line' id='line_1_29' title="bbox 165 2688 822 2768; baseline 0.002 -19"><span class='ocrx_word' id='word_1_175' title='bbox 165 2688 275 2768; x_wconf 90' lang='lat' dir='ltr'>captiva</span> <span class='ocrx_word' id='word_1_176' title='bbox 299 2688 395 2767; x_wconf 87' lang='lat' dir='ltr'>capiet</span> <span class='ocrx_word' id='word_1_177' title='bbox 417 2723 458 2733; x_wconf 90' lang='lat'>-</span> <span class='ocrx_word' id='word_1_178' title='bbox 480 2696 549 2751; x_wconf 89' lang='lat' dir='ltr'>ante</span> <span class='ocrx_word' id='word_1_179' title='bbox 571 2690 606 2751; x_wconf 90' lang='lat' dir='ltr'>ali</span> <span class='ocrx_word' id='word_1_180' title='bbox 630 2708 737 2752; x_wconf 89' lang='lat' dir='ltr'>occasu</span> <span class='ocrx_word' id='word_1_181' title='bbox 760 2690 822 2751; x_wconf 88' lang='lat' dir='ltr'>dies</span> 
     </span>
     <span class='ocr_line' id='line_1_30' title="bbox 165 2773 777 2856; baseline 0.002 -20"><span class='ocrx_word' id='word_1_182' title='bbox 165 2783 312 2846; x_wconf 86' lang='lat' dir='ltr'>nascetur,</span> <span class='ocrx_word' id='word_1_183' title='bbox 334 2773 425 2835; x_wconf 87' lang='lat' dir='ltr'>Indos</span> <span class='ocrx_word' id='word_1_184' title='bbox 443 2782 515 2836; x_wconf 81' lang='lat' dir='ltr'>ante</span> <span class='ocrx_word' id='word_1_185' title='bbox 538 2774 667 2853; x_wconf 79' lang='lat' dir='ltr'>glacialis</span> <span class='ocrx_word' id='word_1_186' title='bbox 689 2776 777 2856; x_wconf 85' lang='lat' dir='ltr'>polus</span> 
     </span>
    </p>

    <p class='ocr_par' dir='ltr' id='par_1_19' title="bbox 165 2858 831 2938">
     <span class='ocr_line' id='line_1_31' title="bbox 165 2858 831 2938; baseline 0.003 -19"><span class='ocrx_word' id='word_1_187' title='bbox 165 2858 323 2938; x_wconf 84' lang='lat' dir='ltr'>Scythasve</span> <span class='ocrx_word' id='word_1_188' title='bbox 346 2859 442 2938; x_wconf 90' lang='lat' dir='ltr'>tepida</span> <span class='ocrx_word' id='word_1_189' title='bbox 465 2860 605 2922; x_wconf 85' lang='lat' dir='ltr'>Phoebus</span> <span class='ocrx_word' id='word_1_190' title='bbox 626 2861 737 2923; x_wconf 83' lang='lat' dir='ltr'>inficiet</span> <span class='ocrx_word' id='word_1_191' title='bbox 759 2869 831 2932; x_wconf 85' lang='lat' dir='ltr'>rota,</span> 
     </span>
    </p>

    <p class='ocr_par' dir='ltr' id='par_1_20' title="bbox 164 2943 947 3111">
     <span class='ocr_line' id='line_1_32' title="bbox 166 2943 947 3027; baseline -0.001 -22"><span class='ocrx_word' id='word_1_192' title='bbox 166 2962 253 3024; x_wconf 92' lang='lat' dir='ltr'>quam</span> <span class='ocrx_word' id='word_1_193' title='bbox 276 2962 323 3005; x_wconf 90' lang='lat' dir='ltr'>me</span> <span class='ocrx_word' id='word_1_194' title='bbox 346 2943 476 3007; x_wconf 89' lang='lat' dir='ltr'>relictam</span> <span class='ocrx_word' id='word_1_195' title='bbox 499 2945 655 3008; x_wconf 85' lang='lat' dir='ltr'>Thessalae</span> <span class='ocrx_word' id='word_1_196' title='bbox 677 2946 821 3027; x_wconf 84' lang='lat' dir='ltr'>aspiciant</span> <span class='ocrx_word' id='word_1_197' title='bbox 843 2963 947 3007; x_wconf 92' lang='lat' dir='ltr'>nurus.</span> 
     </span>
     <span class='ocr_line' id='line_1_33' title="bbox 164 3029 834 3111; baseline 0.003 -22"><span class='ocrx_word' id='word_1_198' title='bbox 164 3047 231 3090; x_wconf 89' lang='lat' dir='ltr'>meo</span> <span class='ocrx_word' id='word_1_199' title='bbox 254 3029 366 3108; x_wconf 82' lang='lat' dir='ltr'>iugales</span> <span class='ocrx_word' id='word_1_200' title='bbox 388 3031 533 3110; x_wconf 81' lang='lat' dir='ltr'>sanguine</span> <span class='ocrx_word' id='word_1_201' title='bbox 556 3031 723 3111; x_wconf 82' lang='lat' dir='ltr'>extinguam</span> <span class='ocrx_word' id='word_1_202' title='bbox 747 3033 834 3093; x_wconf 89' lang='lat' dir='ltr'>laces.</span> 
     </span>
    </p>

    <p class='ocr_par' dir='ltr' id='par_1_21' title="bbox 164 3116 838 3194">
     <span class='ocr_line' id='line_1_34' title="bbox 164 3116 838 3194; baseline 0.001 -19"><span class='ocrx_word' id='word_1_203' title='bbox 164 3121 215 3175; x_wconf 90' lang='lat' dir='ltr'>aut</span> <span class='ocrx_word' id='word_1_204' title='bbox 236 3123 339 3193; x_wconf 86' lang='lat' dir='ltr'>pereat</span> <span class='ocrx_word' id='word_1_205' title='bbox 361 3121 411 3177; x_wconf 92' lang='lat' dir='ltr'>aut</span> <span class='ocrx_word' id='word_1_206' title='bbox 433 3134 480 3177; x_wconf 91' lang='lat' dir='ltr'>me</span> <span class='ocrx_word' id='word_1_207' title='bbox 502 3116 643 3194; x_wconf 92' lang='lat' dir='ltr'>perimat;</span> <span class='ocrx_word' id='word_1_208' title='bbox 666 3117 746 3178; x_wconf 86' lang='lat' dir='ltr'>elisis</span> <span class='ocrx_word' id='word_1_209' title='bbox 767 3116 838 3177; x_wconf 83' lang='lat' dir='ltr'>ieris</span> 
     </span>
    </p>

    <p class='ocr_par' dir='ltr' id='par_1_22' title="bbox 92 3200 866 3279">
     <span class='ocr_line' id='line_1_35' title="bbox 92 3200 866 3279; baseline 0.001 -20"><span class='ocrx_word' id='word_1_210' title='bbox 92 3266 95 3271; x_wconf 43' lang='lat'>‚</span> <span class='ocrx_word' id='word_1_211' title='bbox 165 3207 195 3260; x_wconf 88' lang='lat' dir='ltr'>et</span> <span class='ocrx_word' id='word_1_212' title='bbox 217 3200 373 3279; x_wconf 83' lang='lat' dir='ltr'>coniugem</span> <span class='ocrx_word' id='word_1_213' title='bbox 396 3200 491 3275; x_wconf 84' lang='lat' dir='ltr'>addat,</span> <span class='ocrx_word' id='word_1_214' title='bbox 514 3201 592 3262; x_wconf 88' lang='lat' dir='ltr'>inter</span> <span class='ocrx_word' id='word_1_215' title='bbox 613 3201 775 3263; x_wconf 88' lang='lat' dir='ltr'>Herculeus</span> <span class='ocrx_word' id='word_1_216' title='bbox 797 3201 866 3261; x_wconf 90' lang='lat' dir='ltr'>licet</span> 
     </span>
    </p>

    <p class='ocr_par' dir='ltr' id='par_1_23' title="bbox 164 3285 912 3452">
     <span class='ocr_line' id='line_1_36' title="bbox 165 3285 912 3364; baseline 0 -19"><span class='ocrx_word' id='word_1_217' title='bbox 165 3302 212 3345; x_wconf 90' lang='lat' dir='ltr'>me</span> <span class='ocrx_word' id='word_1_218' title='bbox 235 3302 355 3364; x_wconf 86' lang='lat' dir='ltr'>quoque</span> <span class='ocrx_word' id='word_1_219' title='bbox 377 3285 493 3347; x_wconf 86' lang='lat' dir='ltr'>labores</span> <span class='ocrx_word' id='word_1_220' title='bbox 517 3297 667 3349; x_wconf 85' lang='lat' dir='ltr'>numeret:</span> <span class='ocrx_word' id='word_1_221' title='bbox 692 3286 809 3349; x_wconf 73' lang='lat' dir='ltr'>Alcidae</span> <span class='ocrx_word' id='word_1_222' title='bbox 831 3295 912 3346; x_wconf 87' lang='lat' dir='ltr'>toros</span> 
     </span>
     <span class='ocr_line' id='line_1_37' title="bbox 164 3371 837 3452; baseline 0.003 -23"><span class='ocrx_word' id='word_1_223' title='bbox 164 3371 306 3432; x_wconf 90' lang='lat' dir='ltr'>moritura</span> <span class='ocrx_word' id='word_1_224' title='bbox 329 3377 409 3431; x_wconf 89' lang='lat' dir='ltr'>certe</span> <span class='ocrx_word' id='word_1_225' title='bbox 431 3387 556 3451; x_wconf 86' lang='lat' dir='ltr'>corpure</span> <span class='ocrx_word' id='word_1_226' title='bbox 579 3374 739 3452; x_wconf 89' lang='lat' dir='ltr'>amplectar</span> <span class='ocrx_word' id='word_1_227' title='bbox 761 3390 837 3432; x_wconf 85' lang='lat' dir='ltr'>inec.</span> 
     </span>
    </p>

    <p class='ocr_par' dir='ltr' id='par_1_24' title="bbox 163 3454 888 3537">
     <span class='ocr_line' id='line_1_38' title="bbox 163 3454 888 3537; baseline 0.001 -21"><span class='ocrx_word' id='word_1_228' title='bbox 163 3457 216 3531; x_wconf 88' lang='lat' dir='ltr'>ire,</span> <span class='ocrx_word' id='word_1_229' title='bbox 240 3456 283 3518; x_wconf 87' lang='lat' dir='ltr'>ire</span> <span class='ocrx_word' id='word_1_230' title='bbox 305 3455 340 3516; x_wconf 91' lang='lat' dir='ltr'>ad</span> <span class='ocrx_word' id='word_1_231' title='bbox 363 3455 482 3518; x_wconf 87' lang='lat' dir='ltr'>umbras</span> <span class='ocrx_word' id='word_1_232' title='bbox 504 3454 639 3520; x_wconf 87' lang='lat' dir='ltr'>Herculis</span> <span class='ocrx_word' id='word_1_233' title='bbox 661 3467 784 3537; x_wconf 92' lang='lat' dir='ltr'>nuptam</span> <span class='ocrx_word' id='word_1_234' title='bbox 807 3456 888 3530; x_wconf 89' lang='lat' dir='ltr'>libet,</span> 
     </span>
    </p>
   </div>
   <div class='ocr_carea' id='block_1_3' title="bbox 164 3587 1250 3794">
    <p class='ocr_par' dir='ltr' id='par_1_25' title="bbox 164 3587 1250 3794">
     <span class='ocr_line' id='line_1_39' title="bbox 252 3587 1248 3654; baseline -0.003 -11"><span class='ocrx_word' id='word_1_235' title='bbox 252 3592 301 3643; x_wconf 82' lang='lat'>308</span> <span class='ocrx_word' id='word_1_236' title='bbox 320 3589 398 3643; x_wconf 81' lang='lat' dir='ltr'>cessit</span> <span class='ocrx_word' id='word_1_237' title='bbox 416 3589 491 3641; x_wconf 86' lang='lat' dir='ltr'>cedd.</span> <span class='ocrx_word' id='word_1_238' title='bbox 511 3593 632 3640; x_wconf 77' lang='lat' dir='ltr'>correxit</span> <span class='ocrx_word' id='word_1_239' title='bbox 649 3591 768 3641; x_wconf 79' lang='lat' dir='ltr'>[arlinus</span> <span class='ocrx_word' id='word_1_240' title='bbox 785 3593 858 3643; x_wconf 81' lang='lat' dir='ltr'>mise.</span> <span class='ocrx_word' id='word_1_241' title='bbox 878 3591 931 3641; x_wconf 82' lang='lat' dir='ltr'>eds.</span> <span class='ocrx_word' id='word_1_242' title='bbox 951 3587 966 3638; x_wconf 88' lang='lat'><em>1</em></span> <span class='ocrx_word' id='word_1_243' title='bbox 981 3604 1007 3654; x_wconf 91' lang='lat' dir='ltr'>p.</span> <span class='ocrx_word' id='word_1_244' title='bbox 1021 3587 1054 3641; x_wconf 84' lang='lat'>72</span> <span class='ocrx_word' id='word_1_245' title='bbox 1103 3588 1154 3639; x_wconf 82' lang='lat'>309</span> <span class='ocrx_word' id='word_1_246' title='bbox 1175 3589 1248 3640; x_wconf 86' lang='lat' dir='ltr'>ceni.</span> 
     </span>
     <span class='ocr_line' id='line_1_40' title="bbox 164 3653 1248 3726; baseline -0.001 -17"><span class='ocrx_word' id='word_1_247' title='bbox 164 3661 268 3709; x_wconf 88' lang='lat' dir='ltr'>sanctae</span> <span class='ocrx_word' id='word_1_248' title='bbox 286 3660 311 3709; x_wconf 86' lang='grc' dir='ltr'><em>Α</em></span> <span class='ocrx_word' id='word_1_249' title='bbox 369 3660 417 3711; x_wconf 83' lang='lat'>312</span> <span class='ocrx_word' id='word_1_250' title='bbox 455 3661 521 3710; x_wconf 88' lang='lat' dir='ltr'>atres</span> <span class='ocrx_word' id='word_1_251' title='bbox 540 3658 633 3710; x_wconf 85' lang='lat' dir='ltr'>erimus</span> <span class='ocrx_word' id='word_1_252' title='bbox 652 3658 676 3708; x_wconf 80' lang='grc' dir='ltr'><em>Ε</em></span> <span class='ocrx_word' id='word_1_253' title='bbox 693 3672 766 3726; x_wconf 89' lang='lat' dir='ltr'>pares</span> <span class='ocrx_word' id='word_1_254' title='bbox 785 3673 885 3711; x_wconf 88' lang='lat' dir='ltr'>eramus</span> <span class='ocrx_word' id='word_1_255' title='bbox 903 3658 927 3708; x_wconf 82' lang='lat' dir='ltr'><em>A</em></span> <span class='ocrx_word' id='word_1_256' title='bbox 948 3660 1068 3708; x_wconf 74' lang='lat' dir='ltr'>currenti</span> <span class='ocrx_word' id='word_1_257' title='bbox 1085 3653 1248 3723; x_wconf 74' lang='lat' dir='ltr'>Madvigius</span> 
     </span>
     <span class='ocr_line' id='line_1_41' title="bbox 165 3675 1250 3794; baseline 0.001 -18"><span class='ocrx_word' id='word_1_258' title='bbox 165 3726 223 3777; x_wconf 88' lang='lat' dir='ltr'>adu.</span> <span class='ocrx_word' id='word_1_259' title='bbox 242 3725 271 3776; x_wconf 86' lang='lat'>11</span> <span class='ocrx_word' id='word_1_260' title='bbox 285 3742 313 3793; x_wconf 83' lang='lat' dir='ltr'>p.</span> <span class='ocrx_word' id='word_1_261' title='bbox 332 3726 381 3779; x_wconf 79' lang='lat'>125</span> <span class='ocrx_word' id='word_1_262' title='bbox 400 3675 452 3790; x_wconf 50' lang='lat' dir='ltr'>(ell</span> <span class='ocrx_word' id='word_1_263' title='bbox 466 3724 591 3793; x_wconf 81' lang='lat' dir='ltr'>Gronov.)</span> <span class='ocrx_word' id='word_1_264' title='bbox 648 3730 697 3780; x_wconf 83' lang='lat'>318</span> <span class='ocrx_word' id='word_1_265' title='bbox 715 3728 810 3794; x_wconf 78' lang='lat' dir='ltr'>Augur.</span> <span class='ocrx_word' id='word_1_266' title='bbox 829 3728 856 3779; x_wconf 91' lang='lat' dir='ltr'>in</span> <span class='ocrx_word' id='word_1_267' title='bbox 878 3727 942 3778; x_wconf 87' lang='lat' dir='ltr'>istos</span> <span class='ocrx_word' id='word_1_268' title='bbox 960 3726 984 3777; x_wconf 77' lang='lat' dir='ltr'><em>E</em></span> <span class='ocrx_word' id='word_1_269' title='bbox 1003 3727 1111 3776; x_wconf 72' lang='lat' dir='ltr'>carreni</span> <span class='ocrx_word' id='word_1_270' title='bbox 1128 3723 1165 3785; x_wconf 74' lang='lat' dir='ltr'>ef.</span> <span class='ocrx_word' id='word_1_271' title='bbox 1189 3725 1250 3788; x_wconf 66' lang='lat' dir='ltr'>te</span> 
     </span>
    </p>
   </div>
   <div class='ocr_carea' id='block_1_4' title="bbox 163 3791 1249 4063">
    <p class='ocr_par' dir='ltr' id='par_1_26' title="bbox 163 3791 1249 4063">
     <span class='ocr_line' id='line_1_42' title="bbox 163 3791 1249 3915; baseline 0.001 -72"><span class='ocrx_word' id='word_1_272' title='bbox 163 3808 239 3910; x_wconf 59' lang='lat' dir='ltr'>repes</span> <span class='ocrx_word' id='word_1_273' title='bbox 258 3795 327 3913; x_wconf 74' lang='lat' dir='ltr'>indi.f</span> <span class='ocrx_word' id='word_1_274' title='bbox 336 3800 396 3912; x_wconf 56' lang='lat' dir='ltr'>tdct.</span> <span class='ocrx_word' id='word_1_275' title='bbox 415 3809 507 3874; x_wconf 81' lang='lat' dir='ltr'>parens</span> <span class='ocrx_word' id='word_1_276' title='bbox 526 3795 551 3845; x_wconf 78' lang='lat' dir='ltr'><em>A</em></span> <span class='ocrx_word' id='word_1_277' title='bbox 564 3864 579 3878; x_wconf 76' lang='lat'><em>„</em></span> <span class='ocrx_word' id='word_1_278' title='bbox 610 3798 662 3877; x_wconf 74' lang='lat'>,3²⁰</span> <span class='ocrx_word' id='word_1_279' title='bbox 680 3800 806 3879; x_wconf 77' lang='lat' dir='ltr'>sternetur</span> <span class='ocrx_word' id='word_1_280' title='bbox 824 3810 907 3915; x_wconf 59' lang='lat' dir='ltr'>oclml’</span> <span class='ocrx_word' id='word_1_281' title='bbox 917 3809 987 3913; x_wconf 44' lang='lat' dir='ltr'>‘pam</span> <span class='ocrx_word' id='word_1_282' title='bbox 1007 3798 1079 3915; x_wconf 37' lang='lat' dir='ltr'>§agam</span> <span class='ocrx_word' id='word_1_283' title='bbox 1098 3791 1249 3910; x_wconf 66' lang='lat' dir='ltr'>gensEller-</span> 
     </span>
     <span class='ocr_line' id='line_1_43' title="bbox 164 3860 1249 4006; baseline 0.003 -30"><span class='ocrx_word' id='word_1_284' title='bbox 164 3860 384 4006; x_wconf 42' lang='lat' dir='ltr'>ligrglplilelorliflldl</span> <span class='ocrx_word' id='word_1_285' title='bbox 418 3877 627 3996; x_wconf 47' lang='lat' dir='ltr'>ogipgsnpiplalffliss’</span> <span class='ocrx_word' id='word_1_286' title='bbox 645 3869 912 4000; x_wconf 44' lang='lat' dir='ltr'>gegicppfgeipgppm</span> <span class='ocrx_word' id='word_1_287' title='bbox 931 3932 956 3981; x_wconf 87' lang='grc' dir='ltr'><em>Α</em></span> <span class='ocrx_word' id='word_1_288' title='bbox 1035 3875 1249 3983; x_wconf 47' lang='grc' dir='ltr'>337ᾞῆοἰέῐ]</span> 
     </span>
     <span class='ocr_line' id='line_1_44' title="bbox 165 3995 995 4063; baseline 0.011 -20"><span class='ocrx_word' id='word_1_289' title='bbox 165 3995 213 4044; x_wconf 86' lang='grc'>338</span> <span class='ocrx_word' id='word_1_290' title='bbox 232 3999 369 4059; x_wconf 82' lang='lat' dir='ltr'>inspiciant</span> <span class='ocrx_word' id='word_1_291' title='bbox 386 3995 410 4044; x_wconf 83' lang='grc' dir='ltr'><em>Ε</em></span> <span class='ocrx_word' id='word_1_292' title='bbox 480 4000 529 4048; x_wconf 83' lang='grc'>344</span> <span class='ocrx_word' id='word_1_293' title='bbox 547 3997 648 4050; x_wconf 85' lang='lat' dir='ltr'>Herculi</span> <span class='ocrx_word' id='word_1_294' title='bbox 666 3999 777 4051; x_wconf 88' lang='lat' dir='ltr'>iunctam</span> <span class='ocrx_word' id='word_1_295' title='bbox 796 4003 828 4051; x_wconf 83' lang='lat' dir='ltr'>A.</span> <span class='ocrx_word' id='word_1_296' title='bbox 847 4030 880 4039; x_wconf 90' lang='lat'><em>-</em></span> <span class='ocrx_word' id='word_1_297' title='bbox 897 3999 995 4063; x_wconf 56' lang='lat' dir='ltr'>licet&amp;</span> 
     </span>
    </p>
   </div>
   <div class='ocr_carea' id='block_1_5' title="bbox 0 0 1334 4485">
    <p class='ocr_par' dir='ltr' id='par_1_27' title="bbox 0 0 1334 4485">
     <span class='ocr_line' id='line_1_45' title="bbox 0 0 1334 4485; baseline 0 0"><span class='ocrx_word' id='word_1_298' title='bbox 0 0 1334 4485; x_wconf 95' lang='lat' dir='ltr'> </span> 
     </span>
    </p>
   </div>
  </div>
 </body>
</html>
