2686 4482
429 249 467 290 nn
488 249 615 290 cenricus
636 249 824 292 conruerurs.
1103 235 1163 296 113

99 408 245 480 praesente
260 418 387 461 noverca
402 399 551 460 Bacchum
567 398 694 460 coluisse
710 404 790 472 (nam
807 400 858 478 qui
873 418 898 460 v.
911 401 972 465 187
989 410 1163 481 corruptum

99 486 219 545 habuere
248 494 277 546 et
304 502 460 546 correxere
489 493 539 545 aut
569 484 671 563 nugati
700 492 770 545 sunt
797 493 849 565 aut
877 484 1044 561 somniati),
1078 488 1163 548 cuius

100 570 224 632 thalamis
244 569 342 630 Naxos
364 570 462 630 insula
483 569 626 648 virginem
648 569 803 630 tradiderit
823 573 862 646 (v.
878 572 940 634 489
957 571 1036 650 quod
1052 590 1162 633 nomen

99 655 248 716 desiderari
276 653 347 715 dicit
368 653 527 716 Richterus
555 655 609 715 riri
637 655 723 715 cuins
750 654 885 715 thalamis
910 657 1058 729 tradatur,
1087 656 1162 717 obli-

100 750 142 799 tus
161 752 205 801 est
227 739 327 800 omnia
349 740 385 800 ad
409 757 501 800 uuum
524 740 712 819 eundemque
733 740 914 818 pertinere);
937 740 994 801 iam
1015 740 1100 802 solita
1115 742 1163 802 dei

99 825 125 884 in
146 824 282 903 parandis
304 824 407 886 rivulis
429 824 504 886 lacte
525 825 654 903 vinoque
674 824 838 886 fluentibus
857 824 1009 900 miracula,
1033 827 1162 906 denique

100 909 208 988 nuptiae
231 909 451 970 describuntur.
496 927 642 989 nusquam
665 909 816 992 antemio
840 910 896 970 hac
917 909 1055 971 carminis
1079 921 1162 990 parte

98 994 157 1055 iure
183 994 326 1068 haesites3
356 994 437 1074 quod
465 995 491 1054 si
517 1002 620 1055 contra
642 993 816 1054 Richterum
839 996 876 1055 de
898 995 956 1055 boc
978 996 1109 1056 carmine
1130 997 1161 1056 in

99 1079 310 1158 philologorum
338 1079 543 1140 Bonnensium
571 1078 703 1158 simbola
731 1087 928 1142 commentato
960 1080 1162 1141 demonstrare

97 1163 189 1224 vellem
212 1164 329 1225 chartas
351 1163 506 1243 perderem
529 1164 691 1225 inmeritas.
740 1165 874 1243 exemplo
897 1165 935 1225 sit
957 1166 1037 1244 quod
1060 1184 1162 1228 versus

99 1250 153 1312 196
174 1253 211 1325 (ct
231 1253 330 1310 macta
345 1251 431 1311 odero
446 1247 545 1310 lesbia
559 1268 624 1310 cem
638 1249 745 1328 thymo)
760 1248 799 1309 ita
814 1249 856 1310 illi
873 1259 1032 1330 corruptus
1047 1250 1162 1312 videtur

98 1342 126 1393 ut
149 1334 183 1394 de
211 1334 397 1396 emendando
424 1333 546 1395 omnino
570 1334 785 1413 desperandum
808 1335 861 1410 sit;
891 1354 999 1415 nempe
1021 1335 1161 1396 Lesbium

98 1419 127 1478 ab
148 1418 225 1480 illius
247 1418 310 1480 aeri
333 1427 418 1498 poeta
439 1420 548 1480 dictum
565 1437 630 1479 esse
646 1419 745 1479 unum
760 1418 833 1480 Neri
849 1421 1001 1498 profluens
1016 1428 1046 1480 ct
1060 1421 1160 1500 thymo

97 1502 217 1564 Senecae
232 1504 382 1565 Bacchum
396 1504 461 1565 vina
477 1504 633 1565 miscuisse
648 1504 735 1582 plane
750 1503 793 1564 illi
807 1504 981 1565 incredibile
995 1505 1090 1565 visum
1106 1516 1159 1566 est

172 1591 272 1650 minus
296 1589 429 1669 expedita
451 1597 496 1650 est
516 1589 603 1649 lectio
627 1589 780 1667 sequentis
801 1590 940 1651 carminis
956 1608 1015 1668 quo
1031 1598 1099 1669 post
1114 1610 1160 1651 re·

96 1672 161 1733 latas
180 1693 197 1735 a
220 1674 350 1735 Creonte
371 1673 433 1734 Laii
456 1674 486 1735 in
510 1674 657 1755 Oedipum
683 1673 761 1734 diras
781 1675 954 1754 finitamque
967 1674 1055 1746 inter
1076 1694 1161 1754 reges

95 1757 307 1820 altercationem
335 1759 446 1819 chorus
476 1759 677 1838 praesentium
705 1758 901 1821 calamitatum
931 1777 1047 1820 causam
1073 1760 1161 1821 altius

96 1844 277 1922 repetendam
309 1862 373 1905 esse
399 1845 493 1905 canit:
524 1864 585 1905 non
615 1852 738 1924 propter
767 1844 874 1925 Oedipi
905 1844 1022 1924 culpem
1045 1845 1160 1906 Thebas

95 1927 193 2006 plecti,
222 1928 410 1990 seductores
433 1948 497 1990 esse
521 1930 676 1990 numinum
699 1929 757 1989 ires
779 1929 849 1990 inde
871 1949 886 1990 a
911 1929 1009 1991 Cadmi
1033 1931 1160 1991 adventu

96 2031 249 2093 numquam
279 2013 438 2091 mitigatas:
470 2032 596 2093 quarum
625 2015 708 2075 initia
736 2013 828 2075 fuisse
858 2015 1015 2076 draconem
1040 2033 1160 2077 caesum

95 2108 282 2178 spartosque;
306 2098 361 2159 alia
383 2108 484 2159 secuta
507 2118 581 2160 esse.
626 2099 779 2161 aestatim
802 2099 833 2160 in
855 2099 941 2162 initio
963 2101 1118 2161 haeremus

204 2185 268 2247 tos
290 2202 351 2244 mom
372 2195 404 2245 tc
426 2189 514 2245 teretis
535 2204 621 2246 ccccc
639 2183 762 2264 perietis,
1180 2202 1181 2205 ’

291 2287 351 2329 com
369 2268 436 2330 baec
456 2267 629 2331 Labdacidos
649 2280 754 2349 peteret

92 2416 192 2470 Hector.
228 2417 294 2470 Med.
313 2421 358 2470 561
387 2418 535 2468 excidimus
558 2419 622 2468 tibi?
657 2416 723 2485 rny.
745 2421 793 2469 511
820 2421 917 2469 animis
944 2418 1007 2468 odic
1031 2418 1161 2468 damnata
1237 2420 1245 2431 ‘

93 2486 221 2537 occidam.
257 2485 352 2536 Plreed.
371 2487 420 2537 190
443 2501 524 2551 quam
548 2487 612 2535 benc
636 2487 789 2536 excideram
810 2487 885 2535 milti.
924 2484 1032 2537 110351
1059 2486 1161 2536 eccidit

93 2554 218 2619 quidquid
235 2554 306 2603 licei.
345 2557 392 2605 361
415 2557 467 2603 cim
485 2557 574 2617 stupri
590 2569 672 2617 possa
690 2553 798 2604 cecidit.
838 2556 903 2606 1332
927 2554 1076 2603 occidimus
1095 2555 1160 2603 tibi?

95 2624 153 2674 1116
176 2637 257 2687 quom
283 2624 347 2671 dece
372 2621 511 2671 occideras
535 2620 628 2684 dolor,·
655 2636 732 2673 sensu
756 2637 808 2688 quo
825 2621 926 2673 codices
944 2621 986 2673 isti
1005 2621 1095 2671 volunt
1114 2636 1160 2672 nec

93 2689 154 2754 apud
171 2688 294 2741 Senecam
314 2704 360 2740 nec
378 2695 501 2755 quamum
519 2689 596 2741 sciam
615 2688 683 2755 apud
698 2691 810 2756 reliquos
823 2689 901 2742 latine
916 2689 1060 2755 loquentes.
1087 2703 1160 2755 pree·

92 2760 152 2808 terea
162 2772 291 2821 quorsum
301 2756 389 2807 dubito
400 2772 431 2807 en
441 2763 533 2822 poetae
543 2762 601 2824 post
611 2755 756 2809 'l'erentium
766 2757 925 2823 scripserint:
944 2757 1039 2807 Seneca
1054 2771 1100 2808 nec
1110 2756 1160 2807 hoc

92 2839 134 2874 nec
150 2841 256 2875 uersum
273 2840 394 2874 seorsum
409 2826 532 2875 deorsum
544 2841 666 2888 cerscm,·
683 2841 792 2875 rursum
802 2840 863 2875 vero
878 2824 972 2890 ubique
984 2840 1079 2874 rursus
1091 2825 1159 2890 epud

91 2890 156 2943 illum
174 2898 257 2945 sonat.
284 2894 335 2943 iam
353 2894 472 2943 recidere
490 2894 581 2958 atiquo
599 2892 677 2944 dictio
695 2900 735 2944 est
753 2893 801 2943 hac
818 2892 844 2942 iu
861 2907 889 2942 re
906 2891 1034 2957 legitima:
1054 2892 1086 2945 ct.
1105 2892 1159 2943 Ltv.

91 2958 161 3026 XXX,
178 2964 221 3026 11,
241 2963 272 3013 18
298 2967 444 3011 ceterorum
465 2961 646 3011 miserabilior·
664 2964 752 3012 oratio
770 2961 825 3022 [bic
842 2963 1106 3010 commemorantium
1124 2976 1160 3010 ec

91 3031 193 3091 quantis
215 3029 312 3094 opibus
330 3045 382 3095 quc
400 3029 558 3080 recidissent
575 3028 842 3094 Cartbagiciemicm
858 3044 909 3078 res.
944 3026 985 3092 lV,
1004 3028 1161 3092 1811111

92 3095 189 3161 tupiter
208 3098 236 3148 0.
255 3095 292 3147 M.
310 3101 417 3156 sineret,
436 3101 528 3161 regiae
546 3100 692 3148 maiestatis
710 3100 852 3163 imperium
877 3112 907 3146 co
928 3095 1054 3148 recidere.
1090 3095 1157 3164 quod

15 3186 16 3189 =
91 3164 189 3216 verbum
207 3180 299 3216 verum
317 3171 357 3216 eet
375 3165 425 3215 alio
444 3165 532 3216 herum
550 3165 737 3231 tragoediarum
755 3165 812 3217 loco
831 3179 881 3215 non
897 3164 1019 3224 inveniri;
1038 3170 1065 3215 at
1081 3165 1160 3216 usita-

91 3238 140 3283 tum
157 3239 196 3284 est
214 3231 306 3284 Ouidio
324 3236 452 3295 (remam.
463 3237 510 3286 611
532 3233 644 3283 reccidit
661 3239 692 3283 ct
702 3233 813 3298 cupidos
829 3237 900 3283 inter
916 3234 1021 3283 devenit
1031 3239 1159 3292 amentes,

91 3297 146 3351 item
163 3307 224 3354 unet.
234 3300 278 3364 Vl,
297 3303 361 3362 tim
379 3300 410 3357 ll.
431 3303 469 3354 18.
493 3303 545 3353 180.
571 3300 788 3366 11.1111.11,16);
807 3315 854 3352 nec
872 3301 977 3351 rettulit
996 3300 1099 3366 scripsit
1116 3300 1159 3352 illc

90 3373 185 3432 praeter
201 3369 250 3436 Ag.
271 3367 447 3427 81911101.
467 3374 526 3422 11111.
544 3369 590 3429 lll,
614 3372 664 3422 383
688 3370 793 3421 rettulit
811 3369 903 3432 idcirc).
938 3368 1065 3434 deniqne,
1089 3367 1160 3433 quod

15 3444 17 3450 ’
90 3449 211 3488 summurn
229 3441 279 3501 est,
297 3436 357 3487 iuli
375 3437 454 3502 prime
472 3451 549 3488 manu
567 3437 689 3505 scriptum
707 3436 755 3488 fuit
773 3453 841 3502 quor
852 3437 998 3499 cecidistis,
1016 3440 1085 3486 certe
1100 3442 1159 3501 post

90 3519 205 3566 queunt
225 3510 325 3555 tentum
342 3503 427 3555 littere
445 3519 528 3566 erasm
556 3520 624 3571 quor
646 3505 724 3571 igitur
747 3506 792 3571 qui
814 3505 927 3556 codicem
950 3506 975 3552 Σ
995 3503 1160 3570 interpolavit

15 3576 16 3599 ³
89 3574 196 3623 correxit
211 3579 241 3623 nt
258 3573 286 3623 111
303 3570 333 3622 M
349 3574 376 3622 et
394 3572 585 3625 vindobonensi
605 3572 711 3640 legitur,
734 3577 819 3638 sprete
844 3575 986 3624 correctore
1009 3571 1106 3636 recepit
1122 3570 1158 3623 N.

89 3637 148 3691 illud
174 3655 237 3692 vero
267 3638 396 3708 quomodo
425 3640 610 3692 emendandum
639 3641 681 3693 rel
708 3642 794 3707 potius
824 3639 1023 3706 intellegendum
1054 3639 1088 3691 sit
1109 3638 1160 3689 iem

17 3726 18 3729 ¹
89 3720 160 3759 nemo
185 3708 278 3775 opinor
299 3706 391 3760 dubius
414 3708 535 3761 haerebit.
571 3713 639 3761 certe
662 3712 692 3760 ut
712 3709 875 3775 grammatice
893 3708 991 3759 ratione
1009 3707 1160 3758 cecidimus

15 3776 18 3801 ³
89 3773 123 3825 sic
146 3776 247 3828 Etrusci
271 3777 422 3828 auctoritate
445 3777 593 3828 decidimus
616 3777 738 3830 refellitur
760 3776 873 3843 alioquin
897 3791 946 3828 nec
965 3790 1012 3827 neu
1030 3775 1093 3828 illud
1112 3789 1160 3826 nec

15 3842 18 3872 a
89 3844 250 3906 grammatice
268 3849 420 3896 recusatum.
446 3844 478 3896 ci.
493 3845 603 3897 Gronov.
621 3845 653 3896 cd
671 3844 701 3904 l.;
719 3843 779 3896 Sea.
797 3860 837 3911 ep.
857 3847 899 3907 15,
916 3847 933 3895 9
951 3847 1006 3894 iam
1025 3851 1113 3895 temen
1129 3850 1161 3894 in

15 3910 20 3981 ἦ
88 3909 134 3960 illc
156 3939 190 3949 -
214 3911 336 3963 desidem
358 3928 413 3963 noc
436 3918 555 3979 possent.
591 3913 721 3966 claudian.
745 3913 805 3965 bell.
827 3912 893 3965 Oild.
912 3915 945 3964 11
969 3916 995 3962 ei
1017 3915 1085 3964 mibi
1107 3928 1159 3978 qcc

15 3977 20 4007 ²
88 3976 185 4030 latice
201 3982 271 4029 circs
287 3982 415 4045 urbisque
431 3987 548 4047 potestas
570 3981 687 4032 decidit?

136 4071 183 4114 Leo
196 4071 222 4113 de
236 4072 331 4115 senesce
343 4074 471 4124 tregcediis.
941 4067 956 4117 8
