2686 4482
437 215 475 256 DE
496 210 675 257 muricum
695 213 809 260 rums.

294 366 371 427 uode
391 366 467 427 uude
487 383 574 426 sonus
594 375 624 426 tr
657 366 720 427 idos
740 383 825 427 aures

292 447 388 528 ferit?
408 450 484 511 uude
504 468 580 511 meos
601 452 614 510 i
652 450 708 512 ilci
728 449 864 511 1331131311
882 448 1009 529 [sopori

89 619 169 680 vides
189 534 724 681 uldmaageidcddiviziiymoeiiroihids
732 619 852 681 tertium
874 620 1027 699 adsumpta
1045 621 1163 683 nitidis·

89 704 180 765 umas
200 703 322 784 prodire
345 703 487 765 dimetros
507 704 724 783 anapaesticos:

292 789 368 850 uude
388 789 464 850 iude
483 807 572 851 33333
590 790 717 870 trepidm
737 806 823 850 ouras

292 871 386 952 serit?
415 874 492 936 uude
512 891 590 936 meos
610 873 716 935 ialilct
738 872 871 935 lacrimas

292 955 420 1037 frocos?
448 975 568 1037 opnosco
588 961 695 1020 victum
716 975 773 1018 csse
793 957 885 1019 31333.

87 1041 193 1103 deinde
216 1042 350 1121 dactylici
366 1061 469 1103 versus
488 1043 648 1104 inlacessiti
664 1043 881 1116 decurruntflt
917 1043 1048 1121 adaeque
1062 1048 1160 1105 autem
1232 1071 1234 1077 ·
1286 1116 1290 1123 Ι

87 1126 219 1207 suspicio
248 1127 344 1187 oritur
370 1128 505 1188 ternisne
526 1128 660 1188 versibus
681 1127 712 1187 in
735 1126 820 1188 initio
842 1128 947 1205 positis
968 1127 1160 1189 continuatos

86 1212 207 1274 mutatis
230 1213 364 1273 numeris
384 1212 463 1273 idem
485 1213 676 1292 periodorum
697 1212 825 1272 ambitus
845 1212 1002 1275 iudicetur.
1030 1214 1093 1287 cui
1116 1218 1161 1274 13-

86 1315 151 1359 1313
181 1295 299 1357 videtur
325 1296 469 1358 Etruscus
496 1315 583 1358 versu
608 1298 687 1360 1951
718 1297 829 1358 omisso
861 1296 1029 1377 quindecim
1057 1316 1162 1359 versus

84 1382 243 1461 praebens,
258 1389 293 1441 ut
306 1381 388 1443 nullo
404 1382 524 1460 negotio
539 1391 692 1444 ternorum
708 1400 845 1443 versuum
865 1383 1002 1462 strophas
1016 1381 1161 1444 discribas

85 1474 113 1528 et
134 1466 191 1528 leri
213 1467 377 1527 mutatione
399 1465 445 1527 vel
465 1484 590 1528 acumen
613 1467 777 1528 sententiae
803 1466 907 1528 reddas
928 1485 954 1526 r.
980 1467 1061 1529 1949
1083 1467 1160 1526 scri·

82 1551 183 1614 heudo
203 1555 301 1612 uicisti
318 1551 365 1612 vel
385 1551 485 1612 uidisti
504 1554 611 1626 (vicisti
630 1551 728 1624 codd.)
749 1552 800 1628 (cl.
826 1553 935 1627 1966):

290 1637 425 1697 uidisti
444 1653 548 1697 rursus
568 1640 671 1697 mortis
691 1635 752 1697 loco

286 1724 394 1800 puppis
414 1731 441 1782 ct
460 1722 596 1799 iusccucc
615 1722 693 1782 uada
714 1725 810 1782 tristia

290 1816 317 1867 ct
337 1823 500 1867 remeare
522 1805 586 1867 licet
605 1805 661 1868 coli
681 1802 757 1866 titi?

82 1890 136 1950 sed
159 1889 289 1969 primum
311 1890 343 1951 in
358 1900 445 1951 terno
461 1909 596 1964 numero,
618 1899 652 1951 31
667 1888 802 1962 diximus,
825 1889 906 1950 nulla
921 1888 995 1950 ratio
1010 1898 1065 1964 est,
1088 1907 1157 1950 cum
1193 1918 1198 1926 ·

81 1984 231 2054 quaterno
247 1973 400 2036 Horatium
422 1974 553 2036 imitatus
574 1992 640 2036 esse
661 1974 751 2034 videri
775 1974 885 2053 possit3
908 1972 1014 2034 deinde
1035 1982 1157 2035 senten-

80 2060 142 2121 tiae
168 2059 251 2120 filum
279 2060 310 2120 in
334 2058 467 2139 quinque
488 2059 619 2140 strophis
639 2067 687 2120 ter
706 2058 846 2138 strophae
866 2059 926 2119 tine
950 2067 1158 2138 rumperetur;

82 2151 237 2224 pomrcmo
258 2144 420 2206 tetrametri
441 2145 489 2205 isti
511 2163 572 2206 uno
593 2152 698 2206 tenore
719 2162 735 2205 a
757 2143 854 2223 primo
876 2143 912 2203 ad
932 2142 1069 2204 ultimum
1091 2161 1159 2204 rer-

81 2246 152 2290 snm
174 2229 338 2291 decurrunt
358 2230 409 2308 qni
431 2238 461 2291 et
482 2230 546 2311 ipse
568 2230 599 2291 in
621 2246 704 2290 mero
727 2228 839 2308 dactylo
861 2228 936 2301 finit,
959 2236 992 2289 ut
1006 2224 1079 2290 haec
1094 2248 1156 2290 non

80 2314 264 2375 secernenda
294 2332 359 2375 esse
387 2323 474 2393 poeta
501 2323 602 2394 aperte
631 2314 768 2375 indicarit
789 2313 834 2374 vel
856 2313 958 2375 saltem
981 2314 1157 2375 secernendi

80 2398 200 2460 nullum
227 2397 371 2460 indicium
399 2399 520 2461 dederit.
563 2417 679 2461 versum
709 2407 808 2460 autem
834 2399 913 2460 1951
939 2416 1006 2460 cum
1029 2398 1157 2460 Etrusco

80 2483 226 2546 eicientes
246 2483 370 2545 unicum
392 2483 470 2547 iuter
492 2484 566 2545 duos
583 2502 685 2545 versus
701 2482 813 2545 hiatum
830 2482 952 2544 carmini
967 2483 1156 2545 inferremus.

12 2562 14 2611 l
79 2577 117 2629 ut
144 2568 182 2630 de
205 2568 267 2630 'hoc
294 2587 415 2648 quoque
441 2569 571 2631 carmine
599 2569 730 2649 strophis
752 2568 940 2629 discribendo
963 2567 1046 2629 nollo
1068 2568 1157 2628 modo

12 2660 13 2695 f
81 2654 207 2732 cogitari
229 2654 333 2732 possit,
355 2654 446 2714 immo
469 2654 505 2715 de
526 2656 669 2715 continuo
693 2653 757 2715 eius
779 2671 870 2714 cursu
893 2659 1016 2713 constet.
1061 2670 1157 2713 unum

80 2755 155 2800 vero
183 2746 229 2799 est
255 2738 336 2816 quod
366 2738 514 2800 intellecta
542 2739 631 2799 trium
660 2755 799 2799 vcmuum
828 2738 859 2797 in
882 2737 968 2796 initio
990 2737 1156 2815 positorum

79 2830 188 2886 natura
209 2823 375 2884 lucramur:
400 2823 540 2884 nimirum
563 2824 599 2884 de
614 2822 745 2884 dimetria
760 2819 951 2902 anapaesticis
967 2820 1156 2881 manifestum

80 2919 128 2969 est
150 2916 180 2969 31
199 2908 406 2987 incorruptum
433 2909 645 2970 testimonium.

169 2992 316 3055 cornaria
344 3001 390 3053 est
417 3001 655 3054 tetrametrorum
678 2992 887 3072 dactylicarum
910 2997 1015 3051 natura
1037 2989 1067 3050 in
1091 3008 1157 3050 car·

79 3076 164 3137 mine
191 3078 229 3139 de
257 3091 316 3156 quo
346 3096 439 3157 pauca
468 3078 563 3139 adhuc
591 3077 678 3139 verba
703 3077 767 3138 fieri
789 3083 906 3156 oportet
929 3075 1001 3137 Oed.
1025 3076 1087 3137 449
1110 3092 1155 3155 sq.

80 3161 165 3241 quod
190 3173 308 3242 praeter
335 3180 437 3224 versus
466 3163 603 3224 heroicos
631 3162 663 3223 in
692 3162 821 3241 partium
850 3159 1034 3238 singularum
1062 3160 1157 3222 initiis

79 3246 251 3327 finibusque
267 3247 382 3326 positos
398 3256 539 3326 quattuor
552 3247 712 3326 particulas
727 3247 869 3321 continet,
891 3246 928 3306 de
942 3264 1067 3324 quarum
1084 3246 1157 3307 dua·

79 3330 139 3393 bus
161 3333 231 3394 satis
253 3333 476 3411 disputavimus.
506 3340 595 3411 atque
616 3332 675 3393 illis
698 3331 817 3411 quidem
839 3331 1006 3409 strophicae
1028 3348 1155 3409 respon·

80 3415 176 3478 sionis
198 3416 273 3478 nihil
295 3418 393 3479 inesse
413 3418 549 3478 vidimus.
586 3416 623 3478 de
641 3416 764 3495 reliquis
779 3416 856 3476 idem
872 3415 979 3477 docere
994 3422 1158 3494 potuerunt

12 3630 13 3635 κ
169 3602 201 3668 ¹²)
218 3601 296 3654 simili
312 3601 389 3654 modo
399 3600 541 3669 dactylicos
558 3616 616 3653 cum
630 3599 799 3668 anapaesticis
808 3598 926 3651 versibus
934 3598 1065 3651 coniunxit
1077 3597 1155 3650 Pom-

12 3722 13 3739 ]
79 3670 182 3735 punias
218 3669 321 3722 Terent
340 3672 422 3723 tana:

12 3744 13 3749 ’
286 3741 383 3788 imarii
399 3739 465 3788 lroec
482 3752 565 3804 acque
581 3739 742 3804 Pomponius
760 3740 790 3787 ia
808 3737 923 3787 clericis
939 3737 995 3785 oio:

284 3801 457 3856 ‘eroclcis
474 3805 598 3870 procul
614 3822 630 3856 a
649 3799 777 3868 terris’,
794 3819 859 3854 mccc
877 3803 987 3869 dispare
1003 3817 1082 3853 versu

284 3874 402 3924 subiecto
417 3868 629 3939 ‘Priamique
646 3888 724 3923 aras
742 3872 901 3922 damnare
918 3867 1016 3936 pias',
1035 3875 1099 3922 tunc

287 3934 404 3992 ‘obrue
419 3955 479 3991 nos
497 3941 697 4006 Danaosque
716 3933 831 3991 simul’
847 3941 962 4006 paribus
980 3937 1120 3989 dedititii.
