2686 4482
177 216 237 280 148
505 231 543 274 nr
565 229 727 273 rocconem
747 229 918 273 meremor.

175 383 291 464 pidem,
320 400 357 444 ex
386 399 446 461 quo
474 381 659 461 superiorem
685 380 862 460 plerumque
883 380 1057 461 Euripidem
1085 379 1253 442 decessisse

176 467 292 531 saecula
320 473 423 529 testata
453 475 538 540 sunt;
569 472 637 545 post
664 464 732 526 illos
762 484 818 527 nec
846 476 1018 544 argumenta
1046 485 1122 546 quae
1143 473 1253 527 tracta·

176 559 279 614 verant
307 569 363 613 nee
390 568 586 630 personarum
614 550 841 631 praecipuarum
866 569 965 613 mores
994 559 1024 613 et
1051 559 1186 613 naturam
1215 549 1254 612 ab

175 637 234 700 illis
250 636 409 698 constituta
425 633 562 714 cuiquam
578 633 663 697 licuit
683 635 856 712 immutare,
883 637 963 716 quod
986 645 1015 698 et
1034 636 1200 697 litterarum
1223 645 1254 697 et

177 723 249 785 artis
269 728 462 783 monumenta
477 720 652 783 ostendunt:
676 719 728 798 qui
743 722 898 783 immutare
911 721 1021 783 vellent
1034 739 1160 800 prorsus
1175 738 1253 781 nova

175 807 320 870 inducere
343 804 497 867 debebant.
534 805 591 867 iam
613 805 729 886 priores
743 804 945 867 Romanorum
967 806 1096 885 tragicos
1110 823 1255 885 umquam

177 893 278 972 ignota
293 890 461 968 indictaque
476 890 589 970 primos
604 889 764 969 protulisse
779 908 867 952 nemo
883 891 1089 964 arbitrabitur3
1111 890 1143 952 in
1159 889 1255 952 Grae-

177 978 220 1039 cis
249 994 317 1037 vero
347 974 547 1054 exprimendis
575 992 637 1037 non
663 983 777 1038 tantum
802 974 934 1037 Medeam
962 976 1091 1038 ferocem
1123 975 1253 1037 flebilem

177 1062 302 1123 lnonem
324 1060 469 1141 perfidum
491 1060 592 1121 lxiona
606 1059 709 1121 lenem
731 1077 830 1139 vagam
853 1062 966 1123 tristem
983 1061 1108 1123 Oresten
1131 1078 1253 1140 reprae·

178 1152 295 1208 sentare
324 1145 507 1220 debuerunt,
535 1144 587 1206 sed
617 1151 646 1206 et
673 1144 705 1206 in
731 1147 914 1225 argumentis
936 1145 1129 1227 disponendis
1151 1155 1181 1206 et
1203 1164 1255 1207 ex·

178 1229 323 1311 plicandis
346 1229 521 1309 exemplaria
544 1229 639 1308 sequi,
662 1228 721 1292 nisi
743 1230 814 1291 artis
837 1248 943 1311 opera,
968 1231 999 1294 in
1022 1230 1131 1310 quibus
1153 1231 1254 1292 omnia

179 1333 232 1378 sua
254 1322 359 1377 natura
378 1314 580 1389 cohaererent,
596 1314 750 1376 destruere
763 1314 892 1377 mallent.
929 1315 958 1377 id
972 1315 1053 1396 quod
1065 1315 1173 1376 fecisse
1186 1314 1256 1376 illos

179 1403 342 1480 fragmenta
358 1398 465 1461 docent
482 1398 513 1463 in
530 1399 638 1484 quibus
653 1418 729 1479 quae
743 1401 885 1479 refragari
899 1399 1036 1463 videntur
1050 1401 1148 1462 omnia
1164 1418 1254 1462 suum

180 1483 356 1566 explicatum
384 1483 503 1546 habent.
548 1492 577 1546 et
606 1484 725 1563 quidem
747 1484 854 1546 merito
877 1504 938 1548 non
960 1485 1043 1548 Livio
1065 1493 1180 1548 tantum
1202 1485 1255 1546 sed

182 1580 212 1633 et
232 1569 359 1632 Pacuvio
382 1569 455 1630 illud
478 1569 588 1648 gloriae
610 1569 756 1631 ducimus.

266 1652 399 1716 civilibus
428 1653 513 1716 bellis
540 1654 669 1734 peractis
697 1672 765 1717 cum
793 1655 939 1718 rhetorica
973 1654 1128 1735 disciplina
1159 1655 1256 1734 magis
1333 1674 1334 1677 ¹

180 1738 334 1820 magisque
355 1738 387 1800 in
410 1738 576 1801 eruditione
598 1757 746 1801 summum
768 1738 868 1802 loc'um
890 1749 1058 1820 oocuparet,
1081 1751 1111 1801 et
1125 1758 1256 1802 consen·
1333 1790 1334 1803 ,

182 1836 301 1887 mneum
324 1832 386 1885 erat
407 1833 441 1885 ut
462 1823 560 1904 prisca
581 1822 681 1904 prisco
702 1843 785 1887 more
807 1830 928 1887 tractata
943 1824 1100 1906 displicere
1113 1824 1256 1886 Romanis
1333 1902 1334 1905 Ἴ

181 1909 358 1989 inciperent,
381 1915 410 1970 et
432 1908 490 1988 ipsi
512 1926 588 1970 novo
611 1908 810 1972 instrumento
832 1928 940 1971 novum
964 1909 1101 1989 quiddam
1120 1910 1257 1989 prolerre

181 2011 270 2075 posse
299 1992 354 2054 sibi
383 1992 566 2056 videbantur.
609 1994 776 2074 periculum
806 1995 837 2056 in
866 1995 957 2057 mimo
985 1996 1095 2057 lactum
1121 2004 1184 2056 erat
1206 1994 1258 2074 qui
1333 2048 1334 2051 ,

180 2097 250 2141 cum
279 2088 383 2141 natura
411 2077 464 2139 arti
494 2077 658 2140 rhetoricae
688 2079 785 2143 affinis
814 2089 891 2142 esset
913 2088 1055 2160 quantum
1079 2078 1115 2140 ab
1137 2078 1187 2141 illa
1210 2099 1258 2141 re·
1333 2128 1334 2131 ,

183 2162 297 2244 ceperit
325 2171 354 2224 et
382 2163 413 2225 in
442 2162 522 2225 illam
550 2163 674 2225 valuerit
705 2164 836 2227 Senecae
867 2164 960 2246 patris
992 2165 1118 2227 lectores
1146 2165 1257 2226 sciunt.
1333 2220 1334 2223 ,

184 2266 292 2310 norum
308 2257 405 2310 autern
422 2265 517 2327 genus
531 2248 732 2327 tragoedia
754 2250 950 2312 rhetorica
968 2248 1086 2312 inventa
1101 2255 1155 2326 est,
1171 2250 1258 2311 cuius
1333 2254 1334 2257 ’

183 2331 298 2394 indoles
327 2332 526 2394 breviter-sic
554 2333 683 2395 describi
712 2341 810 2415 potest
838 2344 871 2396 ut
892 2320 979 2418 ἦθος
1009 2336 1040 2397 in
1068 2353 1102 2396 ea
1130 2334 1259 2411 nullum,
1333 2364 1334 2417 3

183 2413 300 2491 πάθος
330 2418 428 2478 omnia
456 2436 522 2479 esse
552 2418 675 2480 dicatur.
727 2436 793 2482 nam
823 2438 899 2499 quae
927 2420 962 2482 ad
994 2437 1094 2481 mores
1123 2427 1261 2499 spectant
1333 2428 1334 2479 3

184 2501 340 2565 sententiis
364 2503 674 2583 comprehenduntur,
704 2504 826 2566 auectus
848 2505 938 2586 plene
960 2513 990 2567 et
1011 2504 1116 2566 diffuse
1137 2523 1260 2586 reprae·
1333 2512 1334 2515 ’

184 2593 349 2665 sentantur,
377 2588 510 2650 oratione
538 2589 636 2650 omnis
665 2590 784 2668 generis
812 2590 963 2651 coloribus
991 2588 1190 2668 sensibusque
1214 2592 1260 2653 in·

184 2680 306 2748 structa,
329 2670 578 2753 descriptionibus
601 2681 630 2735 et
652 2673 871 2737 narrationibus
886 2675 1096 2754 undecumque
1110 2675 1262 2738 arcessitis
1333 2680 1334 2721 ἰ

185 2766 216 2820 et
232 2756 418 2837 'ubicumque
439 2756 547 2825 inlatis.
592 2759 656 2820 eius
683 2759 867 2838 tragoediae,
897 2778 972 2840 quae
992 2759 1050 2821 iam
1072 2759 1262 2822 Graecanicis
1333 2814 1334 2819 ,

184 2842 318 2905 versibus
340 2844 503 2922 composita
525 2842 725 2906 Romanorum
748 2844 879 2924 ingenio,
905 2845 1021 2925 sepulta
1043 2843 1143 2908 saltem
1167 2845 1261 2928 libera

185 2946 218 2989 re
239 2926 368 3007 publico,
391 2928 541 3008 aptissima
558 2937 629 3004 erat,
674 2929 746 2991 rima
762 2929 895 3010 exempla
910 2948 971 3007 non
986 2930 1128 2991 Senecam
1144 2929 1262 2992 dedisse

186 3020 300 3073 certum
323 3023 377 3073 est.
421 3030 494 3074 num
516 3013 611 3076 iama
658 3014 712 3075 arii
735 3013 865 3076 Thuesta
887 3014 932 3075 vel
953 3023 1022 3077 ante
1043 3014 1127 3077 illum
1152 3034 1169 3075 a
1192 3015 1261 3077 Pol·

185 3096 267 3157 lione
288 3095 406 3158 initium
429 3095 541 3177 ceperit
553 3099 583 3173 1),
608 3096 737 3161 dubitari
758 3108 866 3178 potest,
889 3118 957 3161 cum
977 3098 1008 3161 in
1024 3099 1138 3180 epicam
1153 3100 1262 3180 elegia-
1333 3114 1334 3171 j

186 3196 310 3259 eamque
339 3181 444 3260 poesin
472 3181 509 3243 ab
537 3179 641 3243 Ouidio
670 3184 788 3245 demum
816 3183 980 3246 rhetoricae
1008 3184 1182 3263 disciplinae
1215 3185 1262 3246 in·

187 3264 268 3328 doles
291 3264 380 3327 inlata
402 3265 449 3328 sit.
484 3284 662 3347 quamquam
683 3267 858 3340 Quintiliani
878 3269 975 3331 verbis
997 3271 1069 3346 (iem
1086 3267 1171 3331 Varii
1187 3267 1262 3349 Tlep-

186 3361 256 3413 estes
282 3350 395 3413 cuilibet
420 3369 591 3431 praecorum
619 3357 783 3435 comparere·
804 3355 909 3435 potest)
932 3363 961 3415 et
983 3362 1159 3435 argumento
1181 3353 1264 3434 quod
1333 3368 1334 3373 ’

186 3435 375 3517 potissimum
397 3435 453 3498 sibi
474 3434 659 3500 mactandum
682 3438 786 3501 Varius
808 3440 951 3520 sumpsit,
980 3439 1167 3520 comprobari
1191 3438 1263 3503 illud

186 3520 310 3584 videtur.
362 3521 414 3582 sed
444 3521 539 3583 Ovidii
568 3522 699 3585 bledeam
730 3542 765 3585 ex
794 3542 870 3585 novo
904 3542 1013 3604 genere
1045 3523 1137 3585 luisse
1171 3525 1265 3587 multa

264 3687 296 3767 f)
312 3703 340 3739 v.
358 3686 485 3768 Weleher.
502 3691 533 3741 tr.
552 3704 589 3757 gr.
615 3691 679 3743 1421
699 3705 737 3775 sq.
762 3705 852 3744 versos
876 3689 1031 3775 Graecorum
1053 3690 1103 3742 ritu
1127 3690 1266 3759 compositi

188 3753 350 3808 sufficiebant
368 3759 397 3807 ot
413 3754 538 3809 Pollionis
556 3757 702 3825 tragoediae
728 3773 940 3811 revocamine
973 3759 1090 3812 audirent
1109 3758 1200 3828 (Verg.
1217 3759 1265 3812 ech
1333 3782 1334 3817 u

187 3904 238 3955 per
255 3894 280 3940 te

188 3955 320 4022 proprium
338 3956 379 4008 sit.

189 3824 275 3887 aab).
296 3823 406 3940 gravius
423 3828 463 3877 est
480 3824 549 3892 quod
567 3824 658 3878 Ovidio
675 3825 749 3880 mosa
766 3825 829 3880 dicit
845 3828 906 3894 (am.
916 3826 1043 3895 111‚1‚2o)
1061 3843 1135 3878 nune
1152 3828 1265 3893 bebecre
1333 3864 1334 3887 ,

320 3905 418 3941 emeno
437 3892 577 3957 tragoedia
594 3910 703 3960 acmen,
725 3910 777 3964 quo
798 3894 925 3949 indicator
942 3894 1038 3977 aliquid
1055 3895 1125 3963 quod
1143 3895 1266 3951 aenean
1333 3910 1334 3971 l
