2686 4482
167 162 227 223 tto
489 174 527 220 tn:
549 176 764 220 annunciamus
786 176 915 220 ananus.

160 347 199 390 ιιι
227 334 261 390 ui
283 333 371 390 mett
397 328 492 390 odore
519 330 582 409 ipsc
611 328 827 408 interficeretur
873 338 902 390 et
926 329 1055 408 insuper
1079 329 1237 471 Sophoclis
1338 376 1339 379 ,

164 432 267 476 versus
289 414 355 493 (lrg.
375 414 469 515 489):
1187 460 1191 471 .

367 490 444 579 ἡδ’
470 490 617 572 affectata
638 493 733 580 χιρὸς
751 493 847 577 ὄμμα
868 489 1029 578 τρέποιτ’

368 581 498 652 dado
479 606 500 651 ι
501 588 637 689 precepti
657 586 826 666 «στάζουσι
847 589 951 674 νομῆς

367 611 535 753 χαλκέοισι
556 670 670 748 κάδοις
687 673 819 772 dextante
841 671 896 738 xri

99 804 100 807 ,
159 761 273 821 docent
295 760 393 821 emnia
415 760 470 821 ista
491 760 616 820 eborum
636 759 793 820 cecinisse.
816 790 858 804 —e

245 845 281 905 in
296 844 460 906 Troadibus
480 845 678 905 demonstrari
696 845 876 924 petestplus
894 858 986 905 unam
1001 843 1128 905 tabulam
1137 844 1237 905 *Sene-

163 942 227 991 eant
239 929 295 991 sibi
310 930 472 1009 sumpsisse
486 930 566 989 unde
579 929 775 1008 integrami
745 930 875 990 efficeret
889 937 919 989 et
932 937 1034 1008 aptum
1045 944 1105 990 sue
1112 929 1236 1007 ingenio

163 1025 381 1093 argumentum.
426 1014 589 1093 Sophocles
611 1022 640 1074 et
661 1013 820 1094 Euripides
841 1015 927 1075 binas
945 1010 1061 1074 tabulas
1083 1014 1121 1075 de
1143 1013 1236 1074 Proa-

163 1101 234 1162 dum
256 1108 324 1180 post
347 1098 428 1161 urbis
451 1099 597 1159 excidium
621 1099 689 1159 latis
704 1100 893 1179 scripserant.
930 1098 960 1158 in
971 1099 1112 1177 Oaptirie·
1115 1099 1235 1177 Sophu—

157 1186 239 1246 clcm
255 1184 435 1263 Astyanactis
455 1192 582 1245 mortem
604 1191 744 1245 tractasse
766 1182 1033 1264 eamquefabnlam
1048 1179 1084 1243 ab
1100 1183 1236 1244 Aunoin
1338 1204 1339 1207 ¹

164 1272 336 1349 Aatyanaete
359 1284 527 1347 expressam
544 1262 609 1330 esse
623 1266 814 1367 probabiliter
829 1268 1002 1330 Walclrerus
1017 1268 1127 1328 statuit
1157 1268 1236 1328 idem

163 1354 327 1436 Polyxenae
348 1361 474 1415 mortem
497 1361 526 1413 et
548 1348 750 1416 ἀπόπλουν
740 1372 773 1414 ιιι
789 1352 946 1451 Polyxena
967 1353 1126 1432 Euripides
1144 1343 1236 1415 Aac

157 1430 270 1501 abaco
293 1439 372 1500 bist
360 1439 500 1514 tractavit,
523 1438 644 1500 alterius
659 1454 794 1500 scaenam
805 1440 840 1499 in
856 1439 941 1499 Asiae
954 1434 1099 1499 atteritis
1092 1452 1123 1497 m
1136 1437 1235 1498 Pure

163 1543 218 1604 pae
232 1524 319 1585 litore
334 1531 481 1586 statuens.
505 1523 588 1601 prior
604 1523 780 1604 Polyxenam
797 1523 1027 1597 sacrificandam,
1040 1518 1236 1584 Cassandram

160 1609 378 1683 vaticinantem,
402 1608 544 1669 Helenam
561 1624 651 1689 ream,
675 1609 857 1689 Astyanactis
872 1617 997 1669 mortem
1007 1616 1042 1668 et
1056 1607 1147 1671 lubus
1162 1627 1234 1670 eon-

156 1695 238 1755 tinet
266 1692 353 1754 etin
384 1693 490 1753 Troiae
516 1693 655 1753 incendio
683 1692 847 1772 classisque
875 1692 1060 1772 protectione
1080 1692 1235 1771 'praedare

163 1778 354 1852 terminatum
377 1779 409 1838 in
432 1779 521 1839 altera
535 1777 702 1857 Polyxenae
723 1777 960 1857 pumexirgtnis
982 1777 1191 1838 miserenum
1201 1790 1236 1839 ιι

162 1863 371 1942 Polymestoris
391 1862 497 1923 neterii
519 1862 648 1923 hominis
670 1863 790 1923 crudele
812 1862 994 1942 supplicium
1022 1863 1141 1940 egregae
1162 1878 1234 1923 oon-

82 1992 88 2003 .
163 1949 329 2027 iungentur
347 1978 388 1991 -
412 1948 491 2027 qued
513 1946 565 2025 qui
587 1947 812 2027 reprehendunt
834 1956 864 2008 at
886 1947 970 2026 quasi
992 1946 1139 2026 duplicem
1162 1947 1234 2007 acti-

163 2051 250 2094 anam
273 2033 455 2112 vituperant,
478 2048 579 2093 secum
601 2039 740 2112 reputent
761 2044 871 2111 quaeso
892 2039 1004 2110 quanto
1027 2031 1183 2092 indettunii
1204 2040 1235 2091 et

156 2118 287 2178 iniuriae
310 2118 428 2179 cumulo
451 2126 519 2178 ante
542 2125 741 2196 metatorum
764 2117 867 2178 oculos
889 2116 976 2176 cbnri
991 2115 1142 2177 llecnbam
1157 2134 1234 2195 opus
1338 2188 1339 2191 Ἴ

162 2203 268 2278 luerit,
299 2221 359 2281 qno
380 2202 512 2263 mulieris
531 2201 651 2263 'ammas
671 2210 732 2262 tam
754 2203 861 2263 enauit
883 2201 1001 2263 mnata
1017 2208 1053 2262 et
1073 2208 1135 2261 aaa
1152 2208 1233 2261 atre—

159 2289 236 2350 citar
258 2286 422 2366 exequendi
445 2300 535 2366 capax
556 2288 620 2347 lieri
641 2287 799 2348 viderant.
833 2286 985 2365 Euripidis
1001 2285 1163 2347 labalamm
1179 2286 1233 2346 Se-

160 2384 234 2434 neca
256 2390 318 2432 non
340 2371 460 2433 alteram
482 2380 579 2433 utram
601 2381 723 2438 secentas
743 2379 804 2446 est,
833 2371 887 2432 sed
909 2371 1074 2450 Polyxenae
1090 2380 1125 2432 et
1148 2371 1234 2451 Asty·
1338 2432 1339 2439 y

160 2457 272 2519 abactis
294 2464 419 2517 mortem
441 2474 501 2517 non
525 2456 640 2517 infabre
661 2457 740 2517 inter
762 2474 794 2518 so
813 2456 975 2517 coniunxit.
1013 2454 1233 2534 posttllccnbae
1338 2512 1339 2521 ,

161 2542 301 2602 eteberi
327 2541 454 2602 lamenta
476 2560 530 2621 per
551 2541 737 2621 Talthybium
760 2541 901 2603 certiores
924 2541 1013 2601 times
1032 2540 1180 2601 Achillem
1203 2541 1232 2601 in

161 2627 248 2687 busto
278 2634 497 2705 comparentem
523 2625 702 2706 Polyxenam
731 2626 787 2689 sibi
817 2625 1024 2687 immolandam
1049 2626 1237 2704 poposcisse
1338 2680 1339 2685 ,

161 2729 219 2790 qua
241 2711 278 2771 de
293 2729 332 2773 re
354 2711 444 2772 multa
466 2712 544 2772 inter
566 2730 597 2771 se
613 2710 766 2775 conviciati
780 2710 913 2790 Pyrrhus
928 2719 958 2771 et
972 2706 1151 2787 Agamemno
1166 2709 1233 2773 ¹Cal·

160 2798 265 2858 cbanta
288 2795 434 2871 invocant,
456 2796 509 2874 qui
531 2804 648 2875 praeter
663 2795 840 2876 Polyxenam
855 2794 1023 2875 Astyanacti
1041 2813 1162 2874 quoque
1172 2813 1232 2874 pro
1338 2850 1339 2877 3

160 2881 261 2942 classis
283 2880 377 2941 reditu
401 2880 587 2940 moriendum
610 2881 793 2959 pronuntiat.
836 2881 990 2960 canticum*
1010 2879 1046 2940 de
1067 2878 1233 2943 animarum

160 2965 377 3026 immortalitate
399 2964 602 3025 Andromacha
632 2964 741 3043 excipit
769 2982 843 3044 quae
874 2973 902 3026 et
928 2965 991 3045 ipsa
1014 2965 1045 3024 in
1068 2982 1173 3025 somno
1196 2964 1232 3024 ab

161 3049 287 3110 Hectore
309 3049 419 3111 monita
442 3056 542 3121 estut
560 3050 734 3127 Astyanacta
757 3048 876 3110 Graecis
898 3048 1066 3122 subtrahat3
1090 3067 1178 3127 quem
1200 3049 1232 3109 in
1338 3102 1339 3117 ,

159 3133 251 3212 patris
272 3132 359 3194 busto
383 3132 544 3193 latitantem
566 3128 664 3194 Ulixes
686 3133 754 3194 dolo
776 3134 808 3195 in
829 3134 927 3195 lucem
953 3142 1138 3211 mortemque
1160 3148 1232 3212 pro·

159 3218 257 3279 trahit
291 3217 403 3278 Helena
418 3217 589 3296 nuptiarum
604 3218 689 3279 titulo
704 3214 881 3297 Polyxenam
897 3217 1059 3280 obductura
1075 3220 1233 3280 confitetur

159 3303 291 3363 lraudem
320 3309 349 3362 et
378 3318 394 3361 a
422 3301 596 3364 criminibus
626 3321 658 3363 se
680 3308 807 3382 purgare
829 3303 936 3365 nudet.
981 3300 1157 3399 Polyxenam
1180 3304 1232 3364 ab·
1338 3356 1339 3361 ,

159 3389 276 3449 ductam
293 3386 399 3467 Pyrrhi
421 3387 517 3465 gladio
538 3395 700 3463 mactatam
724 3391 895 3468 Astyanacta
917 3388 953 3449 ab
974 3387 1059 3449 Ulixe
1080 3388 1155 3450 turri
1178 3388 1231 3448 da-

159 3473 267 3534 iectum
290 3488 355 3533 esse
371 3472 495 3533 nuntius
510 3474 611 3533 refert
641 3472 769 3552 denique
783 3473 979 3535 abraemium
993 3473 1127 3534 meando
1142 3478 1231 3534 vento

67 3571 70 3576 ’
154 3558 358 3637 prosectarum
381 3558 509 3637 captiuae
531 3564 667 3637 petunt.

238 3641 394 3722 llaripidis
404 3638 533 3704 Proadas
548 3626 690 3704 aSaneca
698 3649 867 3722 respectam
880 3660 945 3704 esse
956 3642 1100 3725 plerique
1103 3651 1233 3703 statume

151 3727 324 3796 ·t.l].llelns
346 3735 377 3806 p'.
393 3729 454 3790 art
478 3728 522 3788 ed.
546 3727 671 3788 Scriver.
695 3727 878 3789 Habruclxer
895 3742 928 3807 p
945 3729 983 3790 37
1000 3726 1080 3801 alii),
1103 3735 1132 3787 et
1149 3736 1232 3788 trac

152 3816 237 3872 tetur
250 3811 392 3890 quidem
380 3826 416 3872 m
429 3811 480 3872 illa
492 3812 676 3895 Astyanactis
687 3828 776 3888 mors,
792 3812 1003 3893 perstringitur
1013 3819 1129 3893 matum
1144 3811 1232 3890 raty

157 3904 258 3954 redae.
298 3906 355 3956 tam
372 3894 469 3957 libere
482 3905 580 3957 antem
593 3897 708 3960 Seneca
721 3894 895 3977 Euripidem
904 3906 1031 3958 ιιιιιιιιι
1043 3886 1092 3958 cst
1107 3905 1149 3973 ut,
1174 3897 1233 3959 nisi
