2790 4494
634 279 762 322 TROADES

162 430 341 511 umbrasque
363 429 451 492 terris
473 429 570 493 reddit
591 440 619 492 et
642 432 722 493 caelo
745 451 868 506 nemus;

161 519 205 581 sic
225 518 302 579 male
324 516 445 577 relictus
468 515 537 594 igne
559 517 595 577 de
617 535 724 596 magno
751 518 826 580 cinis

161 605 238 665 vires
261 603 393 665 resumit.
439 611 483 663 est
504 601 622 679 quidem
646 603 774 664 iniustus
797 604 882 665 dolor

161 707 261 751 rerum
284 689 467 749 aestimator:
497 687 522 748 si
544 686 643 749 lamen
665 696 763 749 tecum
787 689 894 768 exigas,

160 774 275 836 veniam
299 773 390 849 dabis,
414 772 492 852 quod
515 771 589 833 bella
612 781 681 853 post
701 773 813 835 hiemes
836 772 936 836 decem

161 858 344 938 totidemque
365 876 477 920 messes
498 856 554 918 iam
578 876 668 919 senex
689 858 774 920 miles
795 858 879 920 timet

158 945 291 1023 aliasque
314 944 411 1005 clades
432 960 537 1003 rursus
558 960 592 1002 ac
615 961 775 1022 numquam
800 944 876 1005 bene

160 1029 279 1092 Troiam
302 1030 456 1091 iacentem.
499 1045 605 1107 magna
628 1047 676 1090 res
698 1028 813 1091 Danaos
835 1037 941 1104 movet,

160 1116 281 1177 luturns
303 1114 429 1175 Hector:
458 1113 550 1175 libera
573 1113 677 1174 Graios
698 1123 792 1177 metu.

161 1200 235 1262 baec
257 1218 316 1261 uua
339 1217 426 1261 naves
449 1217 535 1261 causa
557 1199 697 1261 deductas
718 1207 809 1275 tenet,

161 1286 218 1346 bac
240 1284 340 1346 classis
362 1285 472 1345 haeret.
517 1302 591 1346 neve
612 1284 761 1345 crudelem
787 1293 885 1364 putes,

161 1370 241 1450 quod
264 1378 343 1431 sorte
366 1370 464 1430 iussus
487 1368 623 1431 Hectoris
645 1378 746 1431 natum
766 1376 883 1448 petam:

161 1455 299 1535 petissem
323 1453 458 1516 Oresten.
502 1464 604 1534 patere
625 1455 705 1534 quod
727 1456 820 1516 victor
843 1456 918 1518 tulit.

158 1558 246 1603 uuna.
291 1540 549 1619 Vtinamquidem
571 1559 662 1615 esses,
685 1550 762 1617 nate,
784 1549 916 1603 materna
938 1541 968 1602 in
991 1559 1092 1616 manu,

162 1644 341 1705 nossemque
363 1625 430 1705 quis
452 1633 481 1686 te
504 1643 589 1686 casus
612 1634 747 1705 ereptum
770 1625 842 1686 mibi

162 1719 285 1786 teneret,
309 1719 359 1771 aut
380 1729 455 1790 quae
477 1709 559 1790 regio
580 1745 623 1755 —
646 1729 708 1772 non
730 1711 888 1773 hostilibus

160 1797 300 1858 confossa
322 1794 389 1864 telis
409 1805 515 1875 pectus
537 1814 572 1856 ac
593 1795 697 1858 vinclis
722 1815 829 1858 manus

161 1881 331 1943 secantibus
353 1881 535 1961 praestricta,
558 1900 619 1942 non
643 1882 702 1943 acri
725 1881 801 1943 latus

161 1976 323 2045 utrumque
345 1966 460 2027 flamma
483 1965 579 2027 cincta
600 1974 762 2028 maternam
785 1967 871 2029 fidem

162 2069 303 2131 umquam
326 2052 481 2112 exuissem.
526 2060 604 2127 uate,
626 2052 693 2130 quis
715 2061 744 2114 te
768 2071 850 2114 nunc
872 2052 965 2126 locus

160 2137 280 2197 fortuna
303 2154 379 2215 quae
400 2134 554 2218 possedit?
582 2155 685 2198 errore
707 2137 771 2198 avio

161 2240 252 2300 vagus
274 2240 341 2282 arva
363 2219 495 2283 lustras?
523 2230 622 2282 vastus
644 2242 681 2283 an
704 2223 815 2302 patriae
837 2241 928 2303 vapor

161 2306 308 2386 corripuit
328 2304 432 2368 artus?
461 2324 563 2368 saevus
585 2326 622 2368 an
645 2307 738 2369 victor
759 2317 811 2370 tuo

160 2391 233 2454 lusit
254 2389 384 2453 cruore?
413 2391 559 2470 numquid
581 2391 717 2454 immanis
738 2395 818 2455 serae

161 2496 264 2538 morsu
286 2485 459 2557 peremptus
481 2476 578 2556 pascis
600 2478 700 2539 Idaeas
722 2476 811 2540 aves?

161 2581 236 2623 vcrx.
281 2562 421 2623 Simulata
442 2580 562 2624 remove
581 2561 684 2638 verba;
714 2583 774 2626 non
798 2563 884 2625 facilc
906 2562 1024 2625 esttibi

161 2647 300 2728 decipere
322 2646 440 2709 Vlixen:
469 2647 593 2709 vicimus
615 2657 741 2710 matrum
765 2650 848 2710 dolos

161 2733 249 2794 etiam
273 2733 403 2794 dearum.
447 2751 528 2794 cassa
552 2733 674 2795 consilia
697 2752 814 2809 amove3
1190 2739 1236 2790 570

161 2817 214 2879 ubi
237 2825 323 2879 natus
347 2814 415 2878 est?
480 2833 565 2879 subu.
609 2818 663 2879 Vbi
685 2817 817 2880 Hector‘l
844 2816 896 2878 ubi
918 2815 1017 2877 cuncti
1038 2812 1192 2894 Phryges?

161 2901 213 2963 ubi
236 2900 396 2975 Priamus?
423 2922 516 2964 unum
540 2904 672 2982 quaeris:
703 2922 758 2983 ego
781 2920 890 2984 quaero
914 2901 1021 2961 omnia.

161 3005 237 3048 vcrx.
282 2985 386 3049 Coacta
409 2987 489 3048 dices
512 2997 619 3067 sponte
640 2990 720 3068 quod
743 2988 797 3050 lari
819 2986 934 3049 abnuis.

161 3090 249 3133 anna.
293 3072 368 3133 Tuta
391 3080 445 3148 est,
467 3075 566 3152 perire
587 3093 663 3154 quae
686 3082 784 3154 potest
806 3074 893 3135 debet
916 3071 1011 3152 cupit.

163 3175 237 3217 vnrx.
281 3157 435 3238 Magnifica
456 3158 543 3220 verba
566 3178 645 3221 mors
668 3179 763 3240 prope
784 3159 899 3222 admota
922 3156 1041 3219 excutit.
1190 3165 1235 3215 5⁸15

161 3260 249 3303 nunu.
294 3242 325 3303 Si
346 3243 399 3318 vis,
422 3243 513 3318 Vlixe,
537 3262 643 3324 cogere
666 3246 901 3307 Andromacham
924 3251 1015 3318 metu,

162 3326 250 3387 vitam
273 3328 402 3389 minare:
434 3347 501 3389 nam
523 3330 599 3392 mori
620 3340 719 3391 votum
743 3338 787 3391 est
809 3329 891 3391 mihi.

163 3430 238 3472 vcrx.
283 3411 461 3474 Verberibus
484 3414 545 3492 igni
567 3415 584 3476 i
603 3423 699 3476 morte
721 3415 854 3477 cruciatu
877 3414 974 3494 eloqui

161 3497 373 3576 quodcumque
396 3498 473 3559 celas
495 3499 593 3579 adiget
614 3501 734 3564 invitam
757 3501 842 3562 dolor
1093 3552 1096 3557 .

162 3589 195 3642 et
216 3590 337 3662 pectore
359 3582 418 3644 imo
443 3585 559 3647 condita
581 3605 686 3647 arcana
710 3594 808 3648 eruet:
1193 3586 1238 3638 5⁸0

163 3702 367 3712 Ἥ

249 3753 300 3803 545
323 3754 408 3804 tecum
426 3753 582 3805 excutiaall
651 3756 699 3805 545
723 3767 804 3805 anuos
822 3751 910 3804 decem
928 3751 953 3802 A
1023 3749 1072 3802 548
1094 3744 1238 3797 mensesA

160 3820 212 3870 551
231 3817 310 3870 libera
329 3835 377 3871 nos
395 3820 443 3872 boc
460 3825 531 3874 metu
545 3823 572 3873 A
623 3825 672 3874 553
690 3820 732 3873 hic
750 3821 825 3872 codd.
839 3822 960 3871 corrasit
977 3816 1011 3870 N.
1033 3816 1157 3894 Heinsius
1169 3811 1237 3893 qudo.

161 3885 259 3951 p.153
361 3891 411 3940 559
435 3904 466 3941 ac
486 3890 595 3942 vinculis
618 3890 656 3951 Ε,
680 3890 726 3940 sed
749 3905 763 3942 c
783 3889 996 3956 eup.aor.1m.
1032 3889 1077 3936 aut
1099 3881 1191 3934 vmclrs
1214 3882 1239 3931 A

159 3956 213 4007 563
232 3954 348 4021 possidet
364 3957 423 4009 EA
441 3963 550 4023 eorm&
611 3961 659 4011 569
678 3957 777 4010 Vlixem
795 3957 820 4008 E
883 3958 933 4011 5¹18
952 3957 1068 4006 conieci:
1085 3950 1140 4019 igni
1157 3949 1239 4003 omni-

158 4036 214 4088 que
230 4023 344 4077 cruciatu
