2790 4494
614 267 786 312 PHOENISSAE

162 430 281 477 menum
305 415 383 477 hanc
403 417 558 478 remittam.
602 418 770 497 prohibeas,
793 421 919 498 genitor,
940 421 1025 484 licet:
1075 432 1077 435 ’

161 518 262 579 regam
284 500 473 579 abnuentem,
497 502 619 582 dirigam
642 504 725 566 inviti
748 505 880 584 gradum.

161 588 191 648 in
215 584 303 665 plana
325 583 443 648 tendis?
464 587 553 662 vado;
575 597 734 668 praerupta
755 589 893 669 appetis?

161 690 223 733 non
246 671 343 747 obsto,
367 671 418 732 sed
440 672 602 752 praecedo;
626 692 685 753 quo
707 674 751 734 vis
773 682 856 737 utere

162 756 236 818 duce
259 775 306 817 me
328 786 368 799 ·-
389 756 506 817 duobus
528 759 626 819 omnis
648 758 767 838 eligitur
787 759 847 821 viat

160 842 260 922 perire
282 840 348 903 sine
369 859 418 903 me
440 859 501 902 non
524 851 619 921 potes,
641 862 757 906 mecum
781 853 876 925 potes.

161 927 210 987 hic
231 926 287 988 etta
310 945 402 1006 rupes
423 927 516 988 arduo
539 929 635 1007 surgit
656 930 727 1008 iugo

160 1018 332 1092 spectatque
354 1012 444 1090 longe
466 1011 558 1091 spatie
581 1013 706 1075 subiecti
729 1014 832 1075 maris:

160 1098 203 1158 vis
225 1097 302 1158 hanc
323 1093 482 1176 petantur?
505 1098 602 1160 nudus
624 1099 674 1160 hic
695 1098 805 1178 pendet
827 1097 908 1173 silex,

159 1182 209 1244 hic
232 1182 321 1242 scissa
344 1181 432 1243 tellus
454 1182 589 1243 saucibus
611 1183 707 1263 ruptis
729 1183 805 1245 hiat:

159 1269 203 1328 vis
224 1267 302 1328 hanc
322 1265 481 1346 petamus?
503 1267 553 1329 hic
573 1286 662 1348 rapax
685 1277 802 1330 torrens
825 1268 901 1330 cadit

159 1359 319 1432 partesque
340 1351 413 1432 lepsi
437 1351 547 1413 montis
569 1371 668 1415 exesas
690 1362 780 1415 rotat:

160 1438 191 1499 in
214 1437 295 1498 hunc
316 1434 460 1498 ruamus?
483 1436 553 1498 dum
574 1437 667 1516 prior,
691 1457 750 1518 quo
771 1438 815 1499 vis
838 1457 883 1500 eo.

160 1541 221 1584 non
245 1522 398 1602 deprecor,
421 1541 483 1584 non
506 1522 618 1582 hortor.
662 1523 793 1602 extingui
816 1524 901 1603 cupis

159 1616 330 1687 votumque,
353 1608 481 1686 genitor,
503 1607 661 1668 maximum
684 1626 765 1668 mors
787 1607 928 1670 esttibi?

160 1693 184 1753 si
208 1691 343 1767 moreriS,
366 1692 522 1753 antecedo:
547 1692 572 1753 si
593 1692 675 1769 rivis,
698 1711 816 1773 sequor.

160 1777 212 1840 sed
232 1778 318 1838 flecte
340 1786 479 1855 mentem,
502 1783 606 1857 pectus
627 1778 783 1858 antiquum
805 1778 911 1840 advoca

159 1865 308 1943 victasque
330 1880 438 1940 magno
460 1861 568 1923 robore
591 1881 746 1925 aerumnas
770 1864 870 1938 doma;

159 1948 278 2010 resiste:
302 1947 391 2008 tantis
413 1947 444 2010 in
466 1947 551 2008 malis
572 1947 650 2024 vinci
672 1948 748 2009 mori
771 1956 825 2010 est.

160 2051 255 2095 onom.
320 2031 403 2093 Vnde
425 2033 456 2093 in
480 2033 605 2094 nefanda
627 2033 777 2113 specimen
801 2034 951 2112 egregium
975 2030 1085 2094 domo?

159 2117 239 2180 xinde
261 2117 315 2178 ista
337 2117 440 2196 generi
462 2118 544 2196 virgo
567 2118 717 2179 dissimilis
739 2115 816 2179 suo?

159 2203 300 2279 Fortuna,
324 2199 441 2263 credis?
465 2201 571 2281 aliquis
593 2213 638 2264 est
660 2223 694 2265 ex
716 2221 764 2264 me
786 2200 877 2283 pius?

159 2306 220 2350 non
244 2296 321 2349 esset
343 2305 494 2367 umquam,
516 2289 573 2349 fata
595 2289 672 2349 hene
694 2289 760 2348 novi
784 2306 858 2361 mea,

159 2372 216 2435 nisi
239 2380 272 2432 ut
294 2381 425 2433 noceret.
470 2373 533 2452 ipsa
556 2392 588 2434 se
609 2372 639 2433 io
663 2372 745 2452 leges
768 2391 858 2434 noves

159 2464 263 2519 natura
285 2457 386 2519 vertit:
431 2464 548 2536 regeret
570 2458 600 2518 in
624 2458 736 2519 fontem
759 2458 831 2520 citas

159 2542 310 2604 revolutus
333 2541 427 2603 undas
449 2541 544 2604 amuis
567 2550 596 2603 et
619 2550 735 2603 noctem
759 2544 860 2604 afferet

54 2649 56 2652 ’
157 2627 293 2689 Phoebea
315 2628 436 2707 lampas,
459 2627 611 2707 Hesperus
631 2627 718 2689 saciet
737 2627 830 2701 diem;

158 2720 191 2773 ut
213 2713 248 2774 ad
270 2713 403 2791 miserias
426 2712 535 2792 aliquid
558 2713 676 2773 accedet
697 2730 786 2787 meas,

157 2796 200 2878 pii
223 2815 342 2877 quoque
365 2797 484 2858 erimus.
529 2797 616 2859 runica
640 2797 808 2876 Oedipodae
831 2805 876 2857 est
897 2795 984 2870 salus,

158 2901 220 2943 non
244 2901 309 2944 esse
331 2881 452 2943 salvum.
497 2882 584 2944 liceat
605 2881 709 2943 ulcisci
731 2888 844 2962 patrem

158 2966 254 3027 adhuc
276 2966 404 3028 inultum
426 3002 468 3012 -
491 2967 590 3028 dextre
612 2966 683 3046 quid
706 2984 803 3028 cessas
824 2965 905 3027 iners

159 3051 276 3130 exigere
297 3050 430 3132 poenas?
453 3052 595 3133 quidquid
619 3058 752 3113 exactum
776 3059 821 3112 est
842 3050 953 3126 adhuc,

157 3135 245 3197 matri
268 3137 381 3198 dedisti.
420 3137 505 3200 mitte
527 3137 669 3216 genitoris
692 3155 822 3213 mantum,

158 3221 288 3283 comosa
311 3221 408 3301 virgo:
430 3222 522 3283 sunus
545 3223 677 3284 extendis
698 3239 797 3283 meum

157 3302 322 3386 longasque
342 3308 397 3367 vivi
421 3306 504 3369 darcis
526 3308 665 3387 exequias
686 3307 787 3386 patris.

158 3391 316 3471 aliquando
338 3400 416 3453 terra
440 3410 549 3472 corpus
572 3392 698 3454 invisum
720 3400 803 3470 tege;

156 3495 263 3557 peccas
285 3477 409 3540 honesta
432 3486 540 3554 mente,
562 3477 699 3556 pietatem
722 3494 808 3537 vocas

157 3568 271 3642 patrem
294 3562 476 3643 insepultum
500 3562 626 3624 trahere.
670 3560 722 3641 qui
747 3560 826 3641 cogit
847 3559 923 3620 mori

242 3798 443 3852 d2invitumA
512 3800 544 3850 65
563 3794 820 3848 duceeduobusA
889 3795 931 3846 69.
951 3795 983 3845 70
1008 3791 1147 3844 onclt'io
1166 3806 1229 3842 eoo·

155 3867 230 3930 finito
247 3871 412 3933 paginarum
430 3868 464 3929 (o.
483 3865 515 3917 71
534 3867 631 3930 incipit
647 3864 668 3926 s.
685 3865 740 3929 410)
810 3865 842 3914 78
860 3861 964 3914 robore:
982 3875 1010 3912 ro
1030 3876 1063 3911 err
1080 3874 1109 3911 ru
1127 3861 1142 3910 1
1152 3874 1185 3909 m.
1204 3859 1229 3910 Ε

155 3939 260 4003 pectore
278 3937 302 3986 A
388 3938 421 3988 ἰθ
443 3934 510 3985 vinci
529 3933 623 3985 molum
640 3931 722 3984 estA
800 3933 832 3984 83
855 3930 927 3981 novit
944 3929 969 3979 Ε
1047 3931 1079 3981 85
1104 3929 1186 3981 vertet
1203 3928 1228 3978 Α

156 4006 188 4057 91
208 4003 336 4057 animosa:
356 4019 370 4056 a
389 4008 417 4055 in
435 4002 489 4065 fine
507 4002 569 4054 odd.
587 4001 605 4054 2
621 4016 656 4052 m.
673 4000 699 4051 Ε
767 4003 800 4053 96
818 3995 1015 4065 alinquaudoE

993 4097 1025 4151 6*
