2648 4478
426 328 430 331 ,
487 275 526 318 un
546 275 717 318 rmmmsrs.

574 425 677 488 melius
698 429 844 488 meantem
865 428 954 502 odora,

270 529 356 590 ptum
378 529 490 589 quaero,
512 509 598 572 solus.

163 614 187 654 v.
213 598 249 657 12
269 594 315 655 tho
337 595 382 657 ido
405 614 476 674 prece
493 605 654 675 menapia
672 596 819 675 protendit
839 600 908 675 iupa

269 698 348 742 mess
371 679 533 742 Cithaeron
752 751 754 754 y

162 781 187 822 v.
209 767 248 829 64
648 782 703 844 quo
725 768 768 825 nlo
791 775 871 826 utere

234 886 236 890 »
269 849 337 911 duce
359 867 419 909 me:
449 850 557 912 duodus
579 854 671 912 omnis
693 849 809 927 eligitur
829 854 878 910 uio

85 948 177 1010 nempe
197 931 228 992 in
255 933 300 994 ria
326 943 414 995 sunt:
442 934 559 996 Thebas
587 934 676 995 modo
705 933 906 1012 reliquerunt3
936 953 997 995 non
1023 934 1137 1014 pridem

85 1016 237 1079 acciderunt
258 1036 334 1097 quae
356 1020 388 1080 in
406 1019 512 1099 Oedipi
533 1020 593 1081 line
610 1019 766 1096 leguntur3
789 1018 952 1081 deliberant
966 1019 1062 1080 adhuc
1078 1038 1137 1099 quo

85 1117 189 1178 gressus
209 1120 279 1163 suos
302 1103 441 1182 dirigant,
464 1105 670 1166 Cithaeronem
685 1103 741 1165 sihi
757 1122 844 1164 suum
859 1113 942 1185 pater
959 1104 1049 1182 eligit.
1083 1104 1138 1166 ita-

86 1202 134 1262 que
153 1204 252 1248 scaena
275 1199 320 1250 est
341 1189 373 1250 in
395 1190 511 1253 tramite
534 1209 594 1269 quo
617 1187 726 1249 Thehis
749 1188 879 1251 Athenas
904 1198 1095 1252 commeatur.

156 1271 345 1334 subrisissent
367 1293 428 1335 non
451 1274 555 1335 Graeci
578 1282 691 1335 tantum
714 1274 764 1335 sed
787 1281 817 1334 et
837 1273 964 1338 Romani
982 1281 1011 1336 et
1025 1275 1138 1336 Seneca

85 1353 105 1414 si
122 1357 292 1435 tragoediam
315 1356 433 1436 publica
453 1359 485 1421 in
508 1359 553 1419 via
575 1359 716 1437 agendam
738 1365 825 1438 poeta
843 1360 972 1439 tragicus
990 1378 1138 1440 proposu-

86 1438 153 1501 isset.
194 1442 309 1521 qualem
331 1443 384 1518 ihi,
406 1453 440 1505 ut
460 1453 557 1506 cetera
580 1444 690 1519 sileam,
717 1443 826 1505 actioni
849 1446 973 1506 chorum
996 1444 1139 1506 interesse

83 1522 170 1606 iuheas
191 1526 247 1588 nisi
265 1528 482 1607 negotiatorum
498 1530 574 1590 lorte
590 1540 619 1591 et
637 1525 783 1590 lixarum?
805 1529 982 1608 respondeat
996 1528 1140 1610 Peiperus
1244 1534 1247 1539 ’

85 1609 126 1686 qui
149 1611 178 1670 in
206 1630 380 1675 scaenarum
402 1614 540 1675 confiniis
562 1614 675 1675 cantica
698 1613 883 1675 intercidisse
905 1621 989 1694 putat
1014 1622 1043 1674 et
1067 1613 1139 1675 adeo

83 1691 157 1756 hahet
176 1715 250 1775 quae
273 1716 308 1758 ex
330 1698 394 1760 aliis
416 1699 573 1776 tragoediis
594 1700 654 1760 huc
678 1697 793 1760 inierat.
1018 1702 1023 1708 ’

155 1779 237 1842 istam
258 1782 350 1860 igitur
370 1801 506 1845 scaenam
528 1784 694 1862 tragoediae
717 1792 831 1864 partem
853 1801 909 1844 nec
924 1801 990 1844 esse
1005 1800 1061 1843 nec
1074 1782 1139 1844 fieri

84 1870 156 1940 poeta
181 1867 282 1929 voluit.
328 1869 488 1948 scripserat
508 1867 654 1948 Oedipum
683 1871 783 1947 (quam
810 1875 879 1929 ante
905 1868 982 1929 hanc
1003 1885 1140 1929 scaenam

86 1949 207 2028 scriptam
230 1968 344 2013 esser.
370 1954 430 2016 176
453 1971 497 2033 sq.
520 1953 651 2029 docent),
674 1955 785 2030 legerat
806 1960 962 2032 utramque
984 1952 1140 2032 Sophcch's

84 2029 225 2113 Oedipum,
248 2037 399 2118 Euripidis
421 2036 613 2113 Phoenissam
642 2040 673 2100 in
705 2038 800 2118 ipsius
823 2038 937 2118 Oedipo
959 2056 1051 2099 senex
1071 2057 1140 2100 cum

84 2114 132 2178 ilia
158 2121 229 2182 urhe
258 2122 384 2184 excessit
413 2129 447 2183 ut
475 2124 506 2184 in
528 2123 680 2204 Euripidis
708 2122 819 2197 lahula3
849 2131 1056 2201 argumentum
1086 2141 1142 2202 per

85 2200 245 2281 Sophoclem
268 2207 485 2269 nobilissimum
508 2216 579 2269 erat.
609 2216 641 2270 ut
658 2207 862 2270 Cithaeronem
881 2214 1017 2288 peterent
1034 2225 1069 2268 ex
1085 2208 1141 2269 Sd-

16 2336 18 2367 r
84 2284 176 2364 phocle
190 2294 332 2373 sumpsit:
356 2292 500 2356 OR1451
516 2295 588 2372 sq.³)
611 2294 648 2354 cl.
661 2296 723 2357 420
742 2294 825 2376 βοῆς
841 2289 877 2357 δὲ
892 2292 949 2376 τῆς
965 2292 1025 2376 σῆς
1039 2300 1141 2369 ποῖος

16 2380 18 2423 l
85 2361 132 2435 οὒκ
152 2374 242 2440 ἔσται
264 2372 371 2458 λιμήν,
391 2385 491 2452 ποῖος
507 2373 684 2459 Κιθαιρών
701 2369 772 2457 οὐχὶ
787 2373 965 2461 σύμφωνος
987 2373 1088 2459 τάχα,·
1112 2386 1141 2440 et

84 2460 167 2533 potuit
187 2464 274 2523 etiam
296 2463 447 2541 Euripidis
469 2462 619 2525 reminisci
641 2462 753 2527 Phoen.
779 2465 861 2526 1752
883 2460 934 2526 ἴθ’
947 2459 1031 2526 ἀλλὰ
1052 2460 1141 2546 Βρό-

84 2562 148 2618 μιος
167 2543 221 2608 ἵνα
243 2570 280 2610 τε
303 2544 401 2631 σηκὸς
424 2543 547 2629 ἄβατος
570 2542 663 2631 ὄρεσι
685 2544 866 2628 μαινάδων.

156 2633 292 2694 omnihus
315 2633 424 2715 istisin
440 2652 527 2694 usum
543 2651 631 2694 suum
648 2633 797 2694 conversis
812 2633 965 2712 adaptabat
979 2633 1140 2694 suasoriam

16 2696 18 2783 1
87 2727 133 2788 qua
146 2726 337 2793 quaereretur
351 2736 388 2778 an
404 2720 531 2797 peractis
547 2718 685 2779 omnibus
700 2718 757 2779 illis
773 2718 809 2778 ah
824 2718 968 2779 insciente
980 2717 1141 2779 sceleribus

16 2788 18 2875 1
87 2805 111 2856 et
127 2817 216 2877 poena
238 2802 295 2863 iam
319 2803 383 2865 data
407 2804 492 2864 etiam
514 2803 700 2865 moriendum
730 2810 807 2864 esset
833 2801 958 2880 Oedipo.
1002 2802 1143 2863 locuntur

16 2880 18 2931 l
86 2878 110 2940 in
130 2892 281 2966 utramque
301 2896 415 2967 partem
438 2896 521 2968 pater
543 2894 573 2949 et
589 2889 664 2962 lilia3
687 2887 777 2949 vincit
794 2886 853 2946 filia
868 2886 970 2964 illique
985 2885 1143 2964 persuadet

16 2940 18 3015 1
86 2968 182 3030 utitor
203 2982 408 3052 persequatur.
439 2973 485 3034 his
507 2974 573 3034 addi
596 2972 671 3034 nihil
692 2981 790 3053 potest
811 2989 868 3032 nec
888 2970 961 3049 fingi
982 2986 1142 3047 argumen-

16 3018 18 3111 1
83 3056 139 3111 tum
158 3057 237 3132 quod
260 3058 375 3119 lahulae
397 3058 435 3119 ita
458 3058 612 3120 incohatae
634 3057 805 3119 conveniat:
830 3075 897 3117 nam
923 3056 1019 3135 qualis
1042 3055 1144 3118 debuit

16 3120 18 3201 1
87 3132 177 3218 Oedipi
198 3143 267 3203 finis
289 3158 354 3203 esse
369 3152 420 3204 aut
435 3141 508 3205 uhi?
531 3155 611 3205 certe
626 3161 687 3204 non
703 3142 799 3224 potuit
813 3142 843 3204 in
861 3140 1035 3203 Cithaerone
1050 3141 1140 3204 muri:

88 3235 153 3298 unm,
171 3236 204 3287 ut
226 3227 281 3288 alia
303 3226 430 3307 plutima
452 3228 693 3308 praetermittam,
716 3227 767 3307 qui
789 3228 826 3288 de
845 3225 950 3306 Oedipi
973 3235 1068 3288 morte
1082 3235 1142 3289 tra-

16 3304 18 3391 1
88 3307 204 3380 goediam
226 3314 357 3375 scrihere
378 3312 488 3388 voluit,
514 3314 551 3375 ah
572 3312 721 3393 Sophocle
742 3312 882 3374 recedere
904 3313 1141 3390 inter'autiquos

16 3444 17 3471 3
87 3404 138 3450 uon
157 3397 261 3472 potuit.

16 3540 18 3563 q
158 3480 268 3543 Senem
295 3492 393 3544 autem
420 3483 451 3543 in
483 3501 587 3545 scaena
609 3482 657 3543 illa
679 3489 885 3560 argumentum
908 3479 1040 3540 tractavit
1062 3479 1142 3557 quod

86 3554 122 3618 iffi
139 3566 259 3629 maxime
281 3568 364 3629 cordi
385 3567 477 3629 luisse
499 3586 587 3630 nemo
608 3568 764 3629 moralium
787 3582 912 3645 operum
929 3564 1023 3626 lector
1037 3565 1143 3628 nescit.

88 3660 137 3721 quo
160 3650 268 3713 lactum
298 3661 343 3715 ost
371 3663 405 3715 ut
431 3654 463 3714 in
493 3653 573 3715 nulla
601 3652 751 3732 tragoedia
772 3650 890 3730 saepius
911 3650 1091 3729 praescripta
1114 3658 1144 3713 et

88 3778 275 3796 Q—

162 3865 181 3930 2)
198 3868 255 3920 inde
276 3873 307 3922 12
316 3885 354 3937 sq.
373 3885 493 3936 expressa
511 3885 568 3924 esee
585 3869 650 3921 vidit
665 3868 803 3932 Nauckius‚
820 3869 881 3921 item
899 3871 949 3923 226
958 3883 997 3935 eq.
1015 3884 1047 3920 ex
1064 3867 1143 3936 Soph.

88 3924 250 4058 {ltllflqoqqqq
269 3936 649 4061 1111114111810345781
680 3941 753 4001 1251),
771 3937 817 3990 sed
835 3942 861 3990 et
878 3936 952 3991 Ovid.
967 3938 1026 3990 met.
1044 3936 1075 3999 ll,
1093 3940 1141 3990 341
