2776 4476
625 222 786 265 rnanrarro
1184 205 1236 267 Vll

165 372 326 450 excogitata
348 379 435 447 esset,
459 381 509 435 out
529 372 602 439 duas
617 383 724 448 tresve,
745 374 770 434 si
785 372 886 454 plures
902 374 964 435 viae
979 373 1123 436 indicatae
1137 385 1237 437 esseut

165 457 273 538 quibus
295 457 331 519 ad
353 475 455 519 verum
482 458 631 537 perveniri
653 476 741 538 posse
772 459 929 521 videretur.
974 474 1075 521 versus
1102 458 1236 538 singulos

164 542 350 607 intercidisse
377 560 524 622 nusquam
548 543 638 605 statui
668 544 725 605 nisi
751 544 897 607 sententia
920 544 952 605 in
975 544 1141 624 exemplum
1163 563 1235 623 sup·

164 629 242 709 pleta
265 627 421 693 ostendere
435 646 554 708 possem
569 639 682 690 eertum
696 627 807 707 aliquid
826 628 995 691 desiderari.
1025 629 1069 691 sic
1083 629 1235 709 praeclusa

165 721 193 776 et
207 713 272 775 aliis
288 721 318 775 et
332 713 404 775 mihi
416 713 600 775 coniectandi
616 713 734 777 lieentia
749 712 989 793 intellegentibus
1005 710 1121 793 gratum
1135 714 1236 779 fecero

164 798 334 870 lectoribus,
356 798 388 860 in
411 817 446 860 eo
469 798 640 878 praesertim
664 809 749 879 poeta
769 817 858 878 quem
873 799 1052 862 coniecturis
1074 809 1103 861 et
1123 799 1236 863 iacebis

164 884 292 947 obruere
314 883 446 945 omnium
468 883 606 947 facillima
626 901 675 945 res
692 884 744 947 sit.
1230 920 1233 925 >

250 968 313 1029 Tali
334 969 365 1029 in
389 969 508 1048 negotio
530 988 569 1030 ne
590 970 675 1029 firmo
699 977 841 1048 rectoque
868 969 995 1043 iudicio,
1023 986 1083 1048 quo
1111 969 1236 1031 maxime

165 1072 242 1134 opus
266 1062 336 1125 erat,
360 1053 484 1114 nimium
500 1072 595 1133 ,saepe
617 1054 802 1129 destituerer,
825 1054 982 1115 adfuerunt
996 1055 1070 1116 mihi
1086 1054 1236 1134 praesenti

167 1138 278 1205 auxilio
294 1138 353 1200 duo
376 1139 430 1200 viri
452 1148 482 1200 et
503 1139 623 1216 ingenio
647 1146 676 1200 et
698 1148 759 1201 arte
782 1139 926 1203 valentes:
950 1139 1060 1201 maiore
1082 1140 1113 1200 in
1136 1139 1236 1219 operis

163 1233 248 1304 parte
270 1223 506 1285 Francisous
527 1222 742 1285 Buecheler
770 1231 946 1304 praeceptor
967 1242 1065 1297 meus,
1094 1225 1144 1304 qui
1167 1242 1235 1285 oum

163 1308 255 1370 multa
286 1309 403 1386 egregie
433 1309 597 1371 emendavit
625 1316 688 1370 tum
716 1308 849 1373 doctrina
878 1317 908 1370 et
936 1309 1060 1370 oonsilio
1088 1309 1236 1371 labentem

165 1394 349 1457 confirmavit
370 1403 400 1454 et
421 1393 545 1468 adiuvit3
573 1392 666 1455 adluit
687 1400 838 1472 praeterea
867 1394 959 1455 totius
981 1395 1079 1474 operis
1101 1394 1237 1456 fidelissi.

163 1497 231 1541 mus
254 1479 353 1540 socius
375 1477 580 1540 Vdalrieus
602 1478 646 1540 de
667 1472 1235 1553 Wilimowitzdloellendorlf,

164 1564 216 1644 qui
232 1570 375 1643 quantum
397 1571 496 1643 potest
516 1563 583 1640 (iam
600 1563 711 1624 dudum
725 1581 794 1623 vero
811 1571 954 1643 quantum
969 1564 1064 1642 possit
1078 1562 1127 1624 ille
1149 1582 1237 1624 nemo

164 1649 334 1729 philologus
356 1649 484 1728 ignorat]
507 1656 620 1711 tantum
643 1648 744 1709 amicis
765 1655 915 1727 praestare
938 1651 1101 1710 consuevit.

222 1790 225 1797 .
242 1732 480 1797 Additamentum
495 1733 621 1813 ponderi
632 1733 755 1796 accessit
769 1751 932 1813 paucorum
948 1735 1081 1796 locorum
1093 1733 1236 1810 defensio,

165 1820 197 1880 in
221 1817 331 1898 quibus
353 1818 475 1880 verebar
497 1838 535 1880 ne
557 1827 681 1900 propter
702 1817 872 1880 brevitatem
895 1837 956 1887 non
980 1827 1059 1880 recte
1082 1818 1236 1899 intellege·

165 1912 250 1967 retur
270 1904 344 1965 ratio
368 1912 498 1965 servatae
520 1913 572 1966 aut
592 1911 719 1965 mutatae
750 1903 884 1965 codicum
907 1905 1081 1984 scripturae.
1125 1905 1151 1966 si
1172 1905 1236 1965 vin·

167 1989 309 2050 diocesem
332 2007 408 2068 quae
430 1999 524 2050 semet
544 1989 608 2069 ipsa
631 1988 788 2053 defendere
810 1998 944 2068 possent,
965 1988 1090 2052 mantisa
1111 1989 1236 2051 obsonia

164 2073 290 2137 vicisset.
334 2074 392 2134 hoc
422 2093 516 2135 unum
546 2075 663 2135 efficere
692 2073 723 2134 in
744 2074 842 2134 animo
871 2082 949 2149 erat,
979 2082 1012 2136 ut
1039 2073 1109 2135 viris
1132 2074 1237 2149 doctis,

166 2176 294 2238 quorum
316 2159 474 2219 adsensum
497 2159 641 2239 consequi
668 2176 848 2238 magnopere
877 2159 1031 2238 cupimus,
1061 2177 1237 2239 persuasum

165 2244 297 2307 essetin
321 2244 363 2305 eis
394 2262 514 2327 quoque
544 2262 619 2323 quae
648 2243 708 2304 illic
736 2261 798 2304 non
826 2244 976 2323 tetigimus
1004 2263 1065 2306 non
1088 2253 1237 2306 temerea

164 2327 251 2389 nobis
274 2337 371 2390 actum
398 2347 472 2389 esse.

249 2412 425 2475 Nominibus
455 2431 558 2474 eorum
586 2412 637 2492 qui
665 2412 793 2474 inventis
821 2412 883 2474 suis
909 2413 955 2474 his
981 2413 1139 2492 tragoediis
1167 2431 1237 2494 pro·

164 2499 286 2559 luerunt
322 2497 372 2559 ubi
401 2497 486 2558 locus
515 2515 576 2558 non
611 2496 726 2558 additus
758 2505 803 2558 est
832 2516 891 2577 quo
921 2498 1140 2559 emendationes
1166 2516 1237 2578 pro-

165 2582 298 2657 tulerint,
321 2582 474 2644 sciendum
498 2589 543 2643 est
564 2581 627 2643 illas
650 2593 699 2643 aut
722 2582 902 2644 editionibus
924 2583 1038 2644 notisve
1061 2584 1124 2644 data
1148 2600 1237 2661 opera

165 2678 194 2730 et
216 2668 321 2730 ordine
343 2668 374 2728 in
390 2669 533 2729 Senecam
549 2668 725 2746 conscriptis
747 2667 873 2729 insertas
893 2675 943 2729 aut
964 2667 1098 2747 privatim
1121 2685 1236 2728 mecum

165 2753 395 2815 communicatas
427 2771 491 2814 esse
521 2771 537 2813 a
566 2751 637 2812 viris
665 2752 758 2812 doctis
788 2751 896 2831 quibus
926 2761 954 2813 et
983 2770 1038 2831 ego
1067 2760 1097 2813 et
1124 2753 1237 2814 Seneca

165 2855 254 2917 quam
276 2838 418 2917 plurimas
440 2838 554 2916 agimus
577 2837 693 2915 gratias.
727 2837 762 2897 de
785 2836 889 2916 Poggii
912 2836 1091 2898 coniecturis
1113 2837 1237 2899 relatum

165 2933 209 2985 est
231 2921 287 2983 vol.
309 2922 322 2982 l
344 2941 375 3002 p.
399 2923 439 2984 42
456 2941 500 3002 sq.

251 3007 460 3086 Quaecumque
483 3006 514 3067 in
537 3006 694 3068 verborum
717 3014 855 3068 contextu
871 3004 1059 3068 adnotatione
1081 3023 1143 3066 non
1165 3005 1237 3067 sub·

166 3093 240 3154 lecta
262 3092 404 3172 leguntur
426 3092 561 3154 codicum
584 3110 733 3153 consensu
755 3090 859 3153 tradita
882 3098 968 3165 sunt;
992 3089 1101 3170 quibus
1122 3099 1235 3154 tantum

166 3184 217 3241 aut
238 3177 358 3239 Etrusci
381 3185 432 3238 aut
452 3176 672 3257 interpolatoris
696 3177 842 3257 scriptura
864 3175 960 3238 addita
983 3183 1028 3237 est
1048 3176 1140 3237 altero
1161 3184 1237 3237 teste

166 3262 311 3324 nituntur.
358 3262 598 3343 orthographiam
631 3279 699 3322 vero
721 3261 841 3324 Etrusci
873 3262 983 3323 codicis
1017 3279 1078 3322 non
1112 3262 1237 3323 nimium

165 3346 279 3426 antiqui
313 3365 459 3427 nusquam
493 3347 607 3409 enotavi
636 3353 753 3427 praeter
782 3345 901 3408 nomina
930 3345 1054 3427 pluralia
1089 3347 1238 3426 (inprimis

165 3434 263 3495 omuis‘
280 3442 309 3493 et
331 3432 485 3513 participia
508 3431 661 3513 quaedam)
689 3439 793 3512 quarto
823 3432 954 3512 primove
977 3449 1046 3493 casu
1069 3431 1101 3493 in
1123 3436 1148 3493 is
1169 3450 1237 3492 exe·

165 3517 265 3593 untia;
292 3535 380 3597 quem
394 3517 471 3579 lieet
492 3517 622 3579 Senecae
644 3534 757 3577 morem
779 3516 871 3578 fuisse
896 3515 1048 3596 probabile
1070 3517 1117 3590 sit,
1139 3524 1237 3577 tamen

166 3620 222 3663 neo
244 3602 370 3681 singulis
391 3600 465 3664 loeis
487 3601 582 3663 codici
611 3619 717 3663 manus
746 3600 815 3662 dare
838 3601 967 3663 volebam
990 3619 1046 3662 nec
1068 3609 1240 3662 constanter

166 3686 272 3767 exequi
300 3686 451 3749 scribendi
480 3686 628 3761 rationem
654 3705 728 3767 quae
755 3685 917 3766 legentium
939 3685 1094 3748 commodo
1116 3686 1238 3748 minime

165 3772 320 3852 protutura
355 3779 449 3848 esset,
483 3772 640 3834 accedente
670 3771 844 3852 praesertim
873 3772 983 3833 codicis
1013 3769 1040 3830 R
1072 3771 1130 3833 tale
1164 3769 1238 3832 nihil

165 3855 335 3936 praebentis
357 3856 529 3919 auctoritate
550 3859 589 3934 (v.
605 3856 625 3918 i.
641 3875 671 3936 p.
687 3858 766 3934 rur).
803 3856 834 3917 in
858 3857 931 3931 aliis,
954 3865 988 3918 ut
1008 3854 1086 3918 bcud
1107 3864 1135 3918 et
1155 3856 1235 3928 bour,

165 3940 325 4022 praecipue
348 3951 446 4004 autem
468 3942 499 4004 in
522 3941 793 4023 praepositionibus
806 3941 964 4003 verborum
979 3941 1072 4002 initiis
1087 3960 1141 4022 per
1157 3959 1239 4004 eom-
