2776 4476
165 211 226 274 196
620 226 777 268 rainneri.

248 378 372 440 ulterius
395 377 459 439 sine
483 376 646 438 oiiensione
668 376 774 456 pedem
796 376 931 455 prolerre
958 376 1127 456 nequimus.
1172 396 1241 439 nam

164 463 243 543 qnod
265 463 296 524 in
320 462 499 524 editionibus
522 462 732 523 circumfertur
752 479 778 524 v.
802 462 880 524 388:

687 576 691 583 ν
725 558 750 607 et
769 555 859 626 partu
881 544 958 607 labat

368 640 514 711 materque
534 631 659 692 muitum
679 637 778 711 rapuit
800 648 837 691 aa
858 631 908 692 iila
930 630 1003 693 miii

164 751 231 793 cum
253 732 509 810 languidissimum
532 740 576 793 est
591 766 632 776 -
647 751 715 793 nam
738 742 771 792 ut
793 743 873 794 reate
894 744 988 795 mater
1010 733 1046 794 de
1069 741 1155 812 partu
1170 733 1240 805 sive,

163 827 198 879 ut
218 817 311 878 voluit
332 817 500 878 Gronovius
524 817 637 878 observ.
662 835 687 878 a.
702 815 750 877 Vl.
774 837 803 897 p.
827 820 868 879 44
888 812 947 892 Pl,
969 818 1005 878 de
1027 818 1129 879 matris
1152 837 1241 897 opera

164 911 193 963 et
222 920 293 963 eura
322 902 455 976 dicatur,
483 903 607 963 alterum
634 910 824 981 praereptum
847 910 892 964 est
916 920 942 961 v.
966 903 1043 978 388,
1067 903 1190 964 alterum
1214 910 1244 964 et

164 996 232 1066 post
254 987 381 1049 eundem
403 1005 520 1048 versum
537 995 566 1048 et
580 987 611 1048 in
628 1005 679 1046 ore
695 985 848 1047 Deianirae
864 988 1000 1066 ineptum
1016 1021 1053 1031 —
1070 998 1133 1049 tum
1149 988 1242 1050 inter-

164 1072 290 1151 polatori
312 1072 445 1134 debetur.
490 1091 596 1153 nempe
618 1071 762 1133 Etruscus
783 1071 822 1131 ita
845 1072 918 1133 haee
939 1071 1025 1133 verba
1048 1072 1159 1134 reddit:

302 1238 307 1245 „
675 1184 702 1235 at
719 1177 834 1252 pariter
855 1173 931 1234 labat

367 1269 512 1339 materque
532 1258 656 1320 multura
677 1262 777 1338 rapuit
798 1277 835 1319 ea
857 1258 906 1320 illo
928 1258 1008 1319 mitt.

163 1362 243 1440 atqui
267 1360 379 1420 clarum
403 1368 456 1434 est,
480 1358 508 1420 id
532 1360 612 1439 qnod
633 1359 829 1439 interpolator
852 1378 971 1440 quoque
994 1359 1147 1435 intellexit,
1169 1360 1242 1421 haec

162 1446 198 1506 de
227 1455 313 1525 partu
344 1445 420 1506 dieta
449 1463 522 1507 esse.
568 1463 639 1525 ergo
670 1462 737 1506 oum
763 1447 876 1525 pariter
904 1445 1090 1524 aptissimum
1120 1462 1154 1505 ae
1176 1445 1241 1506 sine

164 1528 252 1592 dubio
276 1531 456 1609 genuinum,
480 1530 516 1591 ab
539 1529 752 1610 interpolatore
774 1538 873 1591 autem
894 1528 968 1592 mala
995 1529 1164 1591 coniectura
1188 1530 1241 1590 ob·

162 1616 294 1679 limatum
317 1615 364 1688 sit,
388 1615 418 1675 in
441 1615 518 1676 ladat
540 1614 613 1676 nihil
636 1616 726 1676 latere
741 1622 840 1694 potest
858 1615 916 1675 nisi
931 1614 1145 1678 substantivum
1161 1612 1241 1694 quod

163 1719 229 1762 eum
253 1699 390 1780 sequenti
412 1711 556 1780 materque
578 1718 668 1763 unam
687 1699 820 1780 pariendi
840 1700 991 1762 notionem
1007 1699 1121 1762 alliciat.
1152 1708 1241 1778 atque

166 1785 245 1865 quod
266 1803 368 1846 verum
390 1792 435 1846 est
457 1785 604 1846 invenisse
626 1805 673 1846 me
699 1784 830 1846 confido:

502 1938 506 1945 .
571 1888 708 1967 quidquid
729 1890 761 1946 iu
782 1885 863 1947 uadt's
884 1888 944 1965 fuit

367 1969 436 2031 oliuu
453 1976 577 2050 petitum
600 1972 705 2044 cecidit,
729 1982 756 2032 et
775 1976 888 2051 pariter
909 1971 989 2032 lador

364 2067 510 2136 materque
531 2055 656 2118 multura
677 2059 776 2136 rapuit
798 2075 835 2116 eu
858 2055 906 2117 ilio
929 2055 1010 2118 mitt.

162 2158 210 2218 hio
222 2160 344 2237 pariter,
360 2159 440 2235 qnod
456 2176 517 2219 non
534 2158 730 2237 comparative
741 2157 794 2218 sed
808 2156 1010 2239 temporaliter
1027 2157 1138 2219 dietum
1150 2160 1239 2232 eset),

162 2241 249 2302 verba
271 2260 348 2320 quae
370 2251 442 2305 sunt
463 2244 561 2305 cecidit
583 2251 611 2303 et
631 2247 733 2322 rapuit
755 2242 919 2320 coniungit,
943 2261 1005 2303 non
1024 2241 1143 2304 nomina
1158 2242 1240 2303 tator

162 2337 314 2406 materque.
354 2326 396 2386 sic
419 2326 526 2388 Phaed.
546 2330 607 2392 845
630 2347 676 2389 rue
696 2346 804 2408 quaque
826 2345 965 2407 supernas
983 2330 1096 2407 pariter
1113 2328 1151 2388 ad
1164 2327 1242 2389 mdes

163 2410 238 2473 tulit.
269 2412 330 2474 849
350 2416 518 2492 pariterque
538 2423 659 2474 martem
679 2413 781 2492 supere
803 2423 829 2474 et
843 2412 959 2473 Alciden
980 2417 1066 2492 sequi.
1100 2413 1156 2474 hoo
1172 2430 1240 2491 par-

162 2514 246 2570 vum;
269 2496 321 2557 sed
343 2498 467 2576 figuram
491 2515 565 2577 quae
588 2507 633 2558 est
650 2497 731 2558 iador
752 2507 896 2577 materque
918 2496 983 2558 sine
1004 2497 1116 2558 maiore
1138 2497 1240 2577 dispu-

163 2581 282 2642 tationis
305 2580 416 2642 ambitn
438 2581 541 2642 lectori
564 2582 691 2660 probare
714 2601 775 2644 non
796 2589 912 2661 potero.

249 2665 387 2726 notiones
416 2666 507 2745 igitur
534 2666 608 2727 duae
638 2667 676 2728 ita
702 2667 780 2728 inter
802 2684 833 2727 se
856 2667 1081 2744 coniunguntur
1102 2674 1135 2726 ut
1157 2666 1241 2744 quasi

164 2770 222 2812 una
245 2752 328 2813 notio
352 2750 428 2812 efflei
451 2751 583 2813 videatur
607 2770 681 2831 quae
704 2759 749 2813 est
769 2752 800 2812 in
823 2751 880 2813 isto
902 2751 1039 2813 lleroulis
1054 2769 1143 2811 uersu
1160 2750 1241 2812 lador

163 2838 349 2912 matarum)
378 2837 456 2898 inter
478 2837 550 2899 duas
573 2837 711 2898 notiones
728 2837 767 2897 ita
779 2837 954 2898 coniunctas
967 2836 1135 2898 necessario
1151 2835 1241 2897 altera

164 2930 230 2982 utra
253 2921 448 3001 praecipuum
471 2921 569 2982 locum
592 2930 673 2983 tenet
694 2928 724 2981 et
745 2921 962 3000 quodammodo
984 2929 1102 3000 regnat;
1127 2939 1185 3002 quo
1209 2921 1241 2980 fit

164 3014 197 3066 ut
223 3006 361 3080 verbum,
390 3025 406 3067 a
434 3024 493 3085 qno
522 3015 648 3085 utraque
674 3006 800 3085 pendet,
823 3007 858 3067 ad
880 3007 958 3067 hanc
979 3014 1093 3068 tantum
1117 3005 1240 3086 proprio

164 3109 252 3152 sensu
283 3090 423 3168 quadret,
451 3091 486 3151 ad
515 3090 634 3151 alteram
660 3092 837 3171 plerumque
864 3092 1014 3152 translato.
1059 3091 1148 3153 altera
1170 3109 1240 3152 vero

250 3272 271 3337 ⁴)
289 3271 320 3324 oi.
337 3272 465 3324 Charisius
484 3289 508 3339 p.
525 3276 583 3338 att,
601 3277 629 3326 ll
649 3277 754 3338 pariter
770 3289 820 3338 pro
839 3275 966 3339 pariliter
984 3273 1084 3338 Cicero,
1102 3279 1134 3324 ut
1150 3273 1241 3324 Mari-

164 3358 222 3392 mus
239 3347 323 3392 uetat.
350 3341 474 3391 similiter
493 3341 604 3392 etMaro
615 3341 655 3392 XI
671 3344 739 3406 (673.
757 3345 827 3408 592),
844 3344 892 3392 udi
908 3341 997 3394 Celeus
1013 3359 1064 3408 pro
1082 3342 1239 3406 aequaliter.

163 3410 233 3460 idem
247 3425 342 3474 georg.
362 3410 389 3473 (l,
411 3411 469 3473 189)
487 3416 512 3459 et
529 3439 563 3447 -
580 3411 646 3472 [aen.
664 3409 681 3474 l,
701 3413 769 3469 tlt).

251 3478 271 3540 ὅ)
288 3475 370 3544 figura
396 3493 410 3528 a
434 3478 603 3544 grammaticis
622 3481 729 3528 vocatur
747 3473 777 3528 ἓν
796 3475 842 3528 διὰ
860 3476 946 3542 δυοῖν,
971 3476 1017 3529 sed
1034 3477 1137 3528 minime
1154 3476 1238 3527 omnia

164 3561 229 3665 ‘¹3³⁰
247 3544 1240 3666 ltt'ttttttttttfflitidtttttdtltflttlfflttttllttitt

164 3629 261 3734 901699Ι
276 3629 364 3749 Ιῗῃάνα
382 3689 408 3733 et
425 3629 511 3732 ominis
528 3652 621 3732 rrr’deat
634 3682 763 3732 Herculea
780 3631 863 3733 martula)
880 3685 985 3734 suarim
1003 3629 1126 3747 r'erpguu
1144 3651 1240 3731 phaed]

164 3752 214 3803 509
231 3754 354 3815 ramique
379 3753 463 3800 nautis
488 3750 545 3801 leue
568 3755 691 3817 percurri
712 3756 828 3801 tremunt
850 3756 1001 3816 ueteresque
1021 3750 1098 3815 faga'3
1125 3752 1172 3801 961
1193 3752 1242 3813 qui

163 3833 258 3881 sparsa
278 3820 330 3867 aito
348 3817 436 3868 sidera
454 3819 554 3870 mundo
569 3833 715 3884 rursusque
725 3834 808 3883 nagor
820 3823 896 3884 rapis
912 3825 1056 3882 astrorum,
1075 3816 1117 3869 nbi
1128 3817 1154 3867 in
1167 3820 1241 3882 parte

164 3884 211 3934 toti
234 3882 350 3999 rpddenda
375 3891 418 3936 ant
436 3885 524 3938 eadem
547 3902 575 3938 re
599 3889 743 3954 expressius
765 3887 855 3938 iterum
880 3886 1007 3939 efferenda
1027 3886 1098 3938 color
1115 3885 1240 3937 sermonis

164 3964 236 4000 versa
250 3960 287 4002 nr.
1121 3986 1123 3991 .
