2790 4494
189 202 229 263 76
570 221 598 262 n.
620 220 725 263 annum
747 220 875 264 sensere

186 388 271 431 nvnr.
315 370 370 432 Est
390 388 449 432 una
471 389 577 450 magna
600 371 691 432 turris
713 390 729 432 e
751 371 839 434 Troia
862 390 963 452 super,

187 455 306 517 adsueta
329 455 455 531 Priamo,
479 456 565 517 cuius
588 476 604 518 e
626 456 743 535 fastigio
844 509 847 514 .

187 541 369 620 summisque
391 540 491 621 pinnis
514 540 623 602 arbiter
644 540 713 603 belli
735 542 841 603 sedens

187 624 307 704 regebat
328 626 415 687 acies.
459 634 543 687 turre
565 627 595 688 in
618 626 674 687 bac
695 626 803 688 blando
826 627 894 689 sinu

186 710 289 772 fovens
312 721 461 791 nepotem,
484 730 552 772 cum
575 719 654 772 metu
678 729 778 773 versos
801 713 881 791 gravi

187 794 303 858 Danaos
325 797 440 876 lugeret
462 795 571 857 Hector
592 806 622 858 et
644 797 722 856 lerro
746 804 775 857 et
797 798 869 870 lace,

187 887 309 960 paterna
332 901 426 962 puero
449 880 524 941 bella
546 881 727 943 monstrabat
752 900 852 943 senex.
886 899 895 919 ·

187 966 260 1027 haec
282 975 352 1029 nota
374 966 522 1046 quondam
546 967 637 1039 turris
659 975 688 1026 et
710 966 787 1027 muri
809 966 909 1042 decus,

188 1069 270 1112 nuno
292 1052 353 1113 sola
376 1061 485 1127 cautes,
508 1051 641 1130 undique
662 1051 762 1112 adlusa
786 1052 894 1113 ducum

188 1135 342 1215 plebisque
364 1136 450 1198 turba
472 1136 617 1215 cingitur3
646 1143 739 1197 totum
763 1137 822 1199 coit

187 1220 299 1281 ratibus
321 1221 432 1283 relictis
454 1221 569 1300 vulgus.
613 1221 660 1282 bis
683 1221 765 1282 collis
787 1223 894 1302 procul

188 1306 280 1366 aciem
302 1306 414 1386 patenti
436 1304 558 1366 liberam
581 1306 702 1386 praebet
724 1307 800 1383 loeo,

188 1391 312 1452 bisalta
334 1408 435 1471 rupes,
458 1390 543 1451 cuius
565 1391 596 1453 in
620 1391 777 1453 cacumine'

189 1484 286 1538 erecta
308 1494 439 1538 summos
460 1476 546 1537 turba
569 1476 684 1537 libravit
705 1478 805 1557 pedes.

188 1561 269 1622 hunc
291 1560 392 1641 pinus,
415 1561 497 1639 illum
520 1560 632 1637 laurus,
654 1562 736 1622 buno
759 1563 842 1640 lagus
864 1562 941 1643 gerit

189 1654 219 1707 et
239 1656 299 1707 tota
322 1646 435 1727 populo
458 1646 528 1707 silva
550 1665 697 1727 suspenso
721 1648 829 1709 tremit.

188 1738 317 1793 extrema
339 1731 449 1793 montis
470 1731 520 1792 ille
542 1732 695 1812 praerupti
718 1733 800 1813 petit,

188 1824 317 1878 semusta
338 1826 367 1878 at
389 1816 437 1878 ille
459 1823 535 1878 tecta
556 1817 601 1878 vel
623 1836 725 1878 saxum
749 1816 907 1887 imminens

188 1903 266 1963 muri
290 1902 421 1963 cadentis
442 1901 561 1981 pressit,
583 1910 671 1981 atque
693 1903 799 1981 aliquis
829 1901 936 1978 (nefas)

188 1986 303 2048 tumulo
325 1987 407 2049 leros
429 1994 577 2066 spectator
600 1987 745 2049 Hectoreo
771 1989 862 2049 sedet.

188 2090 242 2153 per
264 2072 357 2152 spatia
378 2072 435 2132 late
457 2071 543 2151 plena
567 2070 685 2133 sublimi
709 2074 800 2151 gradu

188 2157 300 2219 incedit
321 2156 438 2218 ltbacus
461 2155 614 2237 parvulum
638 2157 737 2218 dextra
759 2158 881 2219 trahens

189 2241 296 2303 Priami
320 2250 468 2320 nepotem,
492 2260 548 2302 nec
571 2243 663 2319 gradu
685 2243 770 2321 segni
793 2261 870 2322 puer

188 2328 225 2388 ad
248 2327 303 2388 alta
326 2328 424 2406 pergit
445 2325 570 2387 moenia.
615 2335 650 2387 ut
671 2332 784 2387 sumnta
807 2327 888 2390 stetit

188 2430 243 2492 pro
266 2421 358 2484 turre,
380 2412 477 2472 vultus
500 2413 558 2471 buo
581 2419 610 2471 et
630 2412 690 2472 huc
711 2430 794 2473 acres
819 2412 887 2473 tulit

189 2497 355 2577 intrepidus
376 2498 484 2557 animo.
536 2495 631 2576 qualis
655 2497 784 2576 ingentis
805 2498 885 2558 ferae

189 2601 297 2663 parvus
319 2590 463 2660 tenerque
485 2582 562 2642 letus
585 2589 614 2642 et
636 2583 770 2644 nondum
793 2591 900 2662 potens

189 2668 300 2728 saevire
323 2667 409 2728 dente
432 2666 488 2727 iam
509 2675 608 2727 tamen
630 2667 707 2727 tollit
728 2666 823 2729 minas

190 2771 367 2832 morsusque
389 2752 493 2813 inanes
515 2760 638 2832 temptat
661 2761 748 2832 atque
771 2752 876 2814 animis
898 2760 1006 2814 tumet:

189 2839 232 2899 sic
254 2838 303 2899 ille
326 2838 425 2898 dextra
448 2855 577 2916 prensus
599 2837 699 2899 hostili
722 2857 798 2918 puer

189 2925 272 2984 lerox
292 2922 311 2987 †
329 2922 467 3001 superbe.
512 2931 641 2983 moverat
660 2923 782 3002 vulgum
803 2942 837 2984 ac
860 2923 950 2984 duces

190 3009 347 3088 ipsumque
369 3007 482 3068 Vlixen.
527 3026 588 3069 non
611 3008 662 3069 net
683 3027 699 3069 e
722 3009 806 3069 turba
830 3008 962 3069 omnium

190 3093 242 3172 qui
264 3093 368 3166 lletur;
392 3111 436 3168 ac,
459 3093 529 3153 dum
551 3092 639 3154 verba
660 3093 770 3154 fatidici
793 3102 822 3153 et
844 3111 948 3173 preces

190 3177 322 3257 concipit
342 3176 440 3237 Vlixes
461 3177 534 3237 ratis
556 3185 586 3237 et
608 3195 709 3238 saevos
732 3179 789 3239 ciet

190 3263 226 3325 ad
248 3280 330 3323 sacra
353 3279 488 3341 superos,
512 3269 619 3341 sponte
642 3261 761 3323 desiluit
782 3281 836 3324 sua

191 3348 221 3409 in
244 3347 338 3408 media
361 3345 469 3407 Priami
491 3364 591 3425 regna.
613 3380 657 3390 —

189 3452 275 3494 anon.
320 3431 393 3504 Quis
416 3430 543 3493 Colchus
565 3431 633 3508 hoc,
656 3431 722 3512 quis
745 3432 823 3493 sedis
846 3433 974 3494 incertae
997 3427 1104 3512 Sc'ytba

191 3518 352 3593 commisit,
381 3525 432 3578 aut
454 3535 529 3597 quae
551 3517 689 3597 Caspium
711 3526 835 3596 tangens
857 3536 951 3592 mare,
1164 3524 1166 3529 '
1208 3527 1266 3581 ttot

191 3623 265 3685 gens
288 3604 361 3664 iuris
383 3621 490 3682 expers
512 3599 605 3663 ausa?
634 3622 695 3664 non
721 3603 865 3664 Busiridis

278 3742 342 3794 1008
360 3752 412 3789 una
424 3751 517 3803 magna
534 3750 627 3803 magna
645 3740 664 3787 t.
678 3736 701 3787 lt
752 3739 816 3791 1010
828 3751 905 3788 saeva
918 3739 1006 3788 cautes
1019 3735 1095 3789 codd.
1106 3739 1266 3787 corrant.-

191 3807 311 3871 effusos*
380 3808 445 3858 1080
464 3804 753 3858 hicE.-ecac.A
819 3807 879 3857 1081
903 3804 1045 3857 summold
1109 3804 1266 3870 1082lagus

190 3875 255 3940 tegit
273 3875 297 3924 Α
350 3876 416 3927 1080
434 3875 566 3940 pressat&
621 3874 683 3926 1003
701 3871 841 3940 intrepidos
855 3872 880 3923 d
933 3876 1000 3927 1001
1018 3887 1164 3940 parvusque
1181 3877 1265 3924 tener·

191 3956 242 4006 que
259 3941 275 3989 l.
294 3942 340 3991 sed
358 3942 382 3990 Ε
444 3942 509 3991 1098
528 3939 652 4004 superbus
670 3942 705 3994 D.
722 3941 856 3992 Heinsius.
875 3945 992 3993 conieci.-
1014 3941 1136 4008 superbit.
1199 3942 1264 3992 1102

191 4005 301 4089 dissiluit
318 4010 360 4073 5⁴„
408 4009 474 4057 1104
492 4005 596 4057 cbolous
614 4006 646 4059 Ε.
664 4007 778 4060 —baec
797 4012 825 4071 ς.
842 4037 876 4048 -
894 4009 960 4061 sedit
978 4008 1002 4060 Ε
