2658 4488
538 221 565 261 L·
589 221 694 263 ANNABI
715 221 843 265 SENECAE

446 369 664 431 ctsssnnnt

242 488 382 551 Cohibete
403 489 537 550 lacrimas
560 508 648 550 omne
671 506 743 568 quas
766 496 883 569 tempus
904 499 994 571 patet,

156 574 297 646 Troades,
325 584 355 635 et
376 575 457 653 ipsae
480 583 574 635 vestra
596 573 773 635 lamentabili
1017 598 1021 606 ·

155 659 254 737 lugete
278 659 386 738 gemitu
410 660 527 720 lunera:
551 677 709 721 aerumnae
732 677 812 720 meae

156 745 269 806 socium
292 752 440 805 recusant.
484 743 615 806 cladibus
637 753 760 823 questus
782 743 856 804 meis

157 838 312 890 removete.
357 830 466 890 nostris
489 829 552 909 ipsa
575 829 718 890 sufficiam
741 827 834 890 malis.

310 983 393 1027 ouon.
437 964 586 1025 Lacrimas
608 964 736 1025 lacrimis
758 964 884 1026 miscere
905 966 999 1027 iuvat:

308 1051 401 1129 magis
423 1058 552 1111 exurunt
574 1067 650 1129 qnos
671 1057 801 1111 moratae

308 1136 440 1196 lacerant
462 1152 559 1205 curae,
582 1134 661 1195 iuvat
681 1135 712 1195 in
735 1134 863 1195 medium

310 1219 418 1280 deflere
439 1236 527 1290 suos;
550 1237 607 1280 nec
627 1228 671 1294 tu,
694 1221 825 1299 quamvis

310 1304 381 1365 dura
403 1305 504 1381 virago
526 1304 701 1384 patiensque
723 1304 801 1378 mali,

310 1389 423 1470 poteris
444 1397 540 1451 tantas
561 1389 633 1451 llere
655 1390 765 1449 ruinas

310 1493 371 1535 non
395 1492 470 1555 quae
490 1492 582 1535 verno
604 1473 713 1534 mobile
735 1492 852 1535 muman

310 1578 391 1620 ramo
414 1567 512 1620 cantat
533 1559 625 1620 tristis
646 1559 741 1620 aedon

308 1643 373 1724 ltyn
396 1644 427 1704 in
451 1645 545 1704 varios
567 1644 713 1705 modulata
736 1662 837 1717 sonos,

311 1748 371 1790 non
395 1746 470 1808 quae
491 1729 578 1790 tectis
600 1728 728 1790 bistonio
750 1729 811 1790 ales

310 1814 444 1874 residens
465 1814 588 1875 summis
610 1813 699 1893 impia
722 1814 777 1874 diri

310 1898 387 1959 furta
410 1898 507 1960 mariti
530 1900 646 1977 garrula
670 1906 777 1970 namt,

309 1983 412 2061 lugere
434 1991 512 2044 tuam
536 1983 646 2064 poterit
666 1984 755 2061 digne

311 2077 473 2146 conquesta
495 2069 625 2130 domum.
668 2068 738 2130 licet
759 2068 824 2148 ipse
845 2068 914 2130 velit

311 2154 408 2214 clarus
431 2154 531 2214 niveos
553 2154 631 2214 inter
652 2153 750 2214 olores

254 2297 258 2302 .
310 2237 443 2298 Histrum
467 2256 578 2318 cycnus
600 2237 772 2317 Tanainque
794 2236 896 2301 colans

311 2332 439 2384 extrema
461 2323 553 2403 loqui,
575 2323 644 2383 licet
665 2323 803 2401 alcyones

312 2407 404 2487 Ceyca
426 2427 514 2471 sunm
535 2408 626 2469 fluctu
649 2407 752 2468 leviter

311 2492 469 2573 plangente
491 2500 608 2565 sonent,
631 2510 698 2553 cunr
721 2491 881 2571 tranquillo

311 2578 386 2638 male
408 2578 536 2637 conlisae
557 2578 683 2639 credunt
703 2578 813 2639 iterum

311 2664 416 2742 pelago
439 2663 564 2724 audaces
586 2662 722 2741 letusque
744 2681 815 2724 suos

313 2746 383 2808 nido
405 2746 524 2827 pavidae
546 2747 691 2809 titubante
713 2748 827 2819 foranu

313 2849 373 2893 nou
396 2831 422 2892 si
443 2831 547 2893 molles
569 2833 706 2893 comitata
727 2831 806 2893 viros

312 2916 405 2977 tristis
426 2915 536 2978 laceret
557 2916 692 2978 bracchia
714 2926 812 2978 tecum

312 3018 387 3079 quae
410 3002 533 3062 turritae
555 3002 641 3063 turba
663 3002 780 3079 parenti

312 3094 442 3164 pectora,
464 3105 554 3147 rauco
577 3086 692 3148 concita
713 3086 802 3157 buno,
940 3162 943 3170 Δ

311 3170 381 3230 terit
401 3179 435 3232 ut
456 3170 616 3250 Phrygium
639 3171 738 3247 lugeat
759 3170 851 3244 attin,

313 3273 374 3316 non
398 3265 443 3316 est
464 3254 601 3328 lacrimis,
625 3253 796 3328 Cassandra,
818 3254 935 3330 modus,

274 3345 277 3353 '
313 3339 382 3418 quia
405 3359 480 3421 quae
501 3341 629 3419 patimur
651 3341 746 3401 vicere
768 3341 897 3401 modum.

160 3450 364 3469 ..ἡ-..-

246 3540 296 3591 659
315 3541 379 3607 petit
396 3542 422 3592 A
473 3543 607 3595 666-668
627 3545 755 3606 trimeter,
774 3541 846 3605 dim,
865 3544 936 3593 irim.
952 3541 975 3591 A
1031 3543 1079 3594 667
1099 3555 1146 3592 nec
1164 3541 1232 3592 enim

160 3621 262 3673 quamv.
279 3608 306 3659 A
374 3612 423 3662 6ῖ6
441 3609 526 3661 nobile
543 3611 568 3660 A
641 3613 690 3662 d'lt
710 3608 827 3678 edom&
849 3609 939 3661 edonis
956 3608 981 3660 A
1005 3612 1127 3660 correxit
1143 3610 1232 3661 Avaru-

161 3679 214 3725 ta‘ru
290 3679 339 3728 673
357 3676 397 3728 bis
415 3681 490 3729 tonos
508 3676 534 3727 Ε
606 3680 656 3731 674
675 3693 722 3730 res.
741 3678 852 3740 silvis&
927 3681 977 3730 675
995 3677 1094 3744 garrula
1113 3677 1189 3730 deflet
1205 3678 1233 3729 A

160 3745 297 3797 can—crs
317 3749 435 3797 trimetri
449 3746 475 3796 A
544 3748 592 3798 677
611 3745 704 3811 ipsud
773 3749 822 3798 679
842 3743 998 3812 Tanaimque
1016 3745 1092 3799 codd.
1111 3748 1232 3797 conscit

159 3808 273 3862 Boream
324 3811 543 3865 ostentamen
596 3816 729 3867 681-685
750 3817 830 3879 trina,
849 3814 902 3864 duo
921 3815 993 3878 dim„
1016 3816 1086 3864 trim.
1105 3814 1130 3865 A
1181 3815 1231 3866 686

159 3876 261 3992 {patto}
276 3879 352 3931 codd.
371 3884 480 3931 correct
531 3884 581 3934 689
599 3881 725 3935 concitata
745 3881 769 3932 n
790 3885 892 3949 pectore
909 3897 928 3933 r„
947 3897 969 3934 c.
986 3883 1081 3933 buxum
1099 3883 1125 3934 A
1181 3884 1230 3934 690
