2658 4488
560 199 742 246 tamennon,

110 367 171 410 non
195 348 278 409 nivea
302 348 401 427 proles
422 347 539 428 Cycnus
561 354 700 430 aequorei
724 353 780 428 dei,

111 452 173 495 non
195 433 335 495 bellicoso
357 434 484 495 Thressa
508 453 574 496 cum
598 436 696 498 Rheso
718 439 856 518 phalanx,

110 537 172 580 non
195 519 273 598 picta
295 519 448 598 pharetras
472 527 501 580 et
522 523 690 600 securigera
713 541 802 585 manu

109 603 217 682 peltata
240 602 392 666 Amazon?
421 604 503 666 hunc
525 606 603 666 dorni
627 608 764 669 reducem
787 628 874 688 paras

108 699 237 751 mactare
260 697 375 750 claras
397 690 484 750 caede
506 690 653 752 maculare
676 691 787 773 impia?

110 774 213 834 victrix
235 773 361 839 inultum
385 774 505 836 Graecia
529 775 586 836 hoc
607 777 724 840 lacinus
744 777 842 840 ieret?

109 877 204 937 equos
226 867 256 919 et
276 877 356 920 arma
378 858 581 939 classibusque
604 861 730 924 horrens
752 863 860 924 fretum

107 961 246 1023 propone
269 951 297 1004 et
319 944 377 1006 alto
400 944 545 1023 sanguine
568 946 720 1008 exundans
743 947 858 1017 solum,

107 1036 140 1089 et
161 1037 221 1089 tota
244 1037 344 1107 captae
366 1030 423 1091 iata
445 1029 608 1092 Dardaniae
631 1033 736 1093 domus

107 1122 224 1192 regesta
247 1113 363 1176 llanais.
407 1114 569 1195 comprime
591 1117 722 1178 adlectus
745 1128 844 1179 truces

106 1210 298 1277 mentemque
320 1199 435 1260 tibimet
456 1200 519 1279 ipsa
545 1202 666 1280 pacifica
690 1212 779 1263 tuam.

398 1351 608 1414 indisertus

194 1452 279 1525 Quod
301 1462 419 1532 tempus
441 1454 539 1515 animo
562 1473 679 1535 semper
700 1473 734 1516 ac
756 1464 856 1518 mente
877 1457 981 1518 horrui

106 1537 192 1599 adest
213 1539 358 1617 prolecto,
380 1538 470 1599 rebus
493 1548 656 1601 extremum
678 1540 761 1602 mois.

107 1622 179 1703 quid
202 1630 284 1700 terga
305 1622 403 1696 vertis,
426 1621 545 1685 anime?
579 1626 649 1704 quid
672 1625 769 1705 primo
792 1625 903 1705 impetu

107 1707 233 1787 deponis
256 1705 357 1768 armai
388 1709 475 1770 crede
498 1710 661 1788 perniciem
685 1709 738 1771 tibi

107 1801 137 1852 et
159 1793 221 1853 dira
243 1811 344 1855 saevos
366 1794 423 1855 leta
447 1794 544 1855 moliri
566 1794 647 1856 deos.

106 1896 227 1956 oppone
250 1878 366 1939 cunctis
389 1878 444 1940 vile
467 1879 622 1959 suppliciis
644 1889 742 1959 caput,

106 1963 279 2041 ferrumque
301 1972 330 2024 et
351 1964 436 2042 ignes
458 1977 579 2043 pectore
601 1966 721 2026 adverso
745 1964 857 2045 excipe,

105 2047 260 2126 Aegisthet
284 2066 345 2109 non
368 2055 413 2110 est
434 2067 529 2128 poena
552 2049 595 2110 sic
618 2061 686 2111 nato
708 2049 794 2111 mori.

105 2141 137 2193 tu
161 2151 216 2193 nos
238 2132 342 2213 pericli
364 2133 454 2208 socia,
477 2144 519 2208 tu,
543 2134 620 2196 Leda
643 2144 713 2208 sata,

105 2219 247 2280 comitare
269 2227 399 2280 tantumz
422 2212 597 2298 sanguinem
619 2221 721 2282 reddet
743 2220 795 2282 tibi

105 2304 229 2380 ignavus
251 2302 306 2364 iste
329 2304 433 2366 ductor
456 2324 489 2365 ac
511 2304 597 2366 sortis
620 2314 713 2384 pater.

105 2389 157 2448 sed
180 2388 250 2467 quid
272 2397 432 2450 trementes
456 2389 562 2450 circuit
583 2390 679 2470 pallor
702 2408 792 2468 genas

105 2473 264 2551 iacensque
286 2473 368 2535 vultu
390 2473 530 2554 languido
553 2485 676 2554 optutus
698 2473 819 2554 stupet?

104 2575 185 2618 cerr.
230 2562 321 2619 Amor
343 2559 447 2637 iugalis
468 2560 560 2620 vincit
582 2578 616 2620 ac
636 2560 728 2622 flectit
750 2570 845 2623 retro:

105 2643 269 2702 referemur
292 2642 371 2718 illuc,
394 2644 474 2704 unde
497 2663 557 2705 non
581 2646 680 2706 decuit
701 2644 784 2724 prius

106 2725 202 2800 abire;
226 2727 278 2788 sed
301 2746 382 2789 nunc
404 2739 482 2791 casta
506 2738 655 2808 repetatur
676 2730 759 2802 fides,

107 2830 173 2872 narn
196 2830 262 2873 sera
285 2831 446 2892 numquam
470 2823 516 2874 est
536 2814 571 2874 ad
593 2815 689 2876 bonos
711 2831 809 2875 mores
832 2813 891 2874 via:

106 2915 193 2975 quem
216 2898 347 2976 paenitet
367 2916 506 2977 peccasse
528 2918 622 2978 paene
644 2909 689 2960 est
710 2899 866 2959 innocens.
919 2950 921 2954 .

105 3000 170 3042 ene.
236 2982 302 3053 Quo
325 2983 439 3061 raperis
461 2982 585 3045 amens?
613 2983 709 3045 credis
731 2990 781 3045 aut
803 3001 906 3064 spcras
927 2983 980 3047 tibi

104 3067 335 3145 Agamemnonis
356 3068 441 3128 fidele
454 3066 658 3148 coniugium?
689 3076 722 3130 ut
744 3068 817 3129 nihil

104 3152 240 3212 subesset
261 3153 358 3212 animo
381 3153 463 3231 quod
484 3170 585 3232 graves
605 3155 715 3215 faceret
737 3161 849 3215 metus:

104 3244 203 3316 tamen
226 3236 353 3316 superba
376 3247 406 3298 et
427 3237 575 3317 impotens
596 3239 667 3299 lietu
691 3238 779 3299 nimis

104 3321 235 3382 Fortuna
258 3339 367 3401 magno
389 3322 512 3402 spiritus
535 3324 663 3384 tumidos
686 3324 777 3385 daret.

106 3405 200 3483 gravis
222 3405 271 3467 illc
294 3407 382 3468 sociis
405 3416 500 3469 stante
522 3408 618 3469 adhuc
639 3408 728 3470 Troia
749 3408 820 3470 luit:

106 3491 175 3568 quid
198 3509 265 3552 rere
286 3491 321 3552 ad
344 3491 474 3555 animum
494 3501 601 3573 suapte
624 3502 728 3554 natura
751 3507 864 3557 trucem

1132 3502 1179 3553 233

192 3660 241 3710 220
258 3658 336 3709 ultrix
353 3661 379 3711 A
447 3662 496 3712 222
515 3674 643 3727 praepone
660 3661 685 3710 A
754 3662 803 3712 225
820 3660 891 3725 ipse:
910 3673 926 3724 p
944 3656 1005 3709 2111.
1022 3662 1041 3709 ι’.
1059 3675 1113 3711 rar.
1132 3661 1178 3725 (erc

105 3726 147 3788 el)
165 3725 190 3776 Ε
241 3742 354 3778 scaenae
371 3730 529 3780 emoriuntur
540 3729 669 3793 Aegistus.
689 3727 867 3794 Clytemestra.
886 3725 1010 3781 Nutrixll'
1026 3726 1089 3794 Aeg.
1109 3727 1176 3795 Clyt.

103 3796 128 3843 A
180 3796 230 3847 229
248 3795 360 3861 permitti
378 3795 464 3846 libili
516 3798 565 3850 233
586 3794 811 3862 Clytaemestrae
828 3796 902 3846 ertA
954 3794 1177 3861 2364111111111-

105 3866 142 3911 ter
160 3862 185 3912 E
254 3865 304 3914 240
322 3863 461 3915 referemus
479 3864 503 3915 u
521 3867 631 3916 correxi
646 3865 793 3928 (referamur
808 3862 967 3927 Gronouim)
985 3876 1126 3915 remeemus
1143 3866 1178 3918 A.

104 3931 153 3981 245
171 3931 362 3996 Agamennonis
379 3932 404 3982 n'
479 3934 527 3985 247
547 3938 573 3984 et
590 3932 712 3983 innocens
728 3932 753 3982 E
