2790 4494
175 222 218 283 52
559 237 587 278 t.
611 234 716 305 aunem
737 233 864 276 sennenn

177 400 206 453 et
228 408 293 451 cara
316 387 438 449 Phoebo
460 386 549 462 Cilla3
595 385 666 465 quid
689 403 763 466 quas
784 382 868 446 alluit

176 474 275 536 vernis
298 473 409 553 Caycus
432 473 579 551 gurgitem
602 470 738 532 attollens
761 465 868 548 aquis?

176 561 250 623 haec
271 568 351 622 tanu
374 557 471 619 clades
493 556 626 636 gentium
649 573 683 617 ac
703 563 804 617 tantus
825 572 926 634 pavor,

175 663 295 725 sparsae
318 649 361 705 tot
383 642 473 704 urbes
494 641 623 704 turbinis
644 640 717 702 rasti
738 639 828 701 modo

177 730 298 792 alterius
320 736 398 790 esset
419 727 511 806 gloria
534 745 568 788 ac
590 743 738 789 summum
761 724 866 786 meus:
930 760 933 769 ·

178 815 235 876 iter
257 822 301 875 est
322 811 461 887 Achillis3
484 812 528 873 sic
549 829 634 874 meus
655 810 735 872 venit
757 819 841 889 pater

176 909 208 961 et
229 907 308 961 tanta
331 897 422 976 gessit
443 896 529 972 bella,
552 896 622 957 dum
645 894 755 957 bellurn
778 901 870 975 parat.

178 991 212 1046 ut
234 984 289 1046 alia
311 983 412 1046 sileam
433 980 548 1055 merita,
572 1000 632 1042 non
655 998 735 1040 unus
757 979 828 1040 satis

178 1068 288 1131 Hector
309 1064 435 1129 luisset?
478 1065 564 1127 llium
588 1064 656 1127 vicit
677 1071 769 1145 pater,

178 1173 230 1215 vos
253 1152 395 1214 diruistis.
441 1150 556 1212 inclitas
577 1149 679 1212 laudes
701 1150 780 1211 iurat

144 1304 148 1309 ,
179 1248 209 1301 et
230 1239 304 1300 lacta
328 1236 427 1316 magni
450 1236 526 1298 clara
548 1235 692 1314 genitoris
715 1234 816 1315 sequi:

179 1323 269 1386 iacuit
291 1330 464 1403 peremptus
486 1320 596 1382 Hector
617 1328 685 1382 ante
707 1320 811 1380 oculos
832 1318 926 1399 patris

179 1408 337 1489 patruique
360 1406 511 1482 Memnon,
534 1406 620 1467 cuius
643 1404 681 1465 ob
703 1404 816 1468 luctum
839 1423 947 1484 parens

179 1493 309 1574 pallente
330 1498 474 1553 maestum
497 1491 620 1572 protulit
642 1491 723 1552 vultu
747 1490 840 1564 diem3

181 1577 288 1657 suique
310 1576 403 1637 victor
425 1576 524 1656 operis
547 1576 714 1656 exemplum
739 1573 855 1636 horruit

180 1663 340 1742 didicitque
363 1660 492 1723 Achilles
514 1669 544 1722 et
565 1661 618 1723 dea
641 1668 726 1722 natos
747 1658 833 1720 mori.

180 1756 243 1810 tum
267 1766 350 1809 saeva
373 1750 501 1808 Amazon
524 1745 647 1807 ultimus
670 1745 776 1807 cecidit
797 1751 894 1806 metus
916 1776 959 1790 -

181 1832 270 1895 debes
292 1830 409 1907 Achilli,
430 1830 533 1892 merita
556 1830 580 1893 si
603 1830 692 1910 digne
714 1829 861 1904 aestimas,

182 1927 212 1981 et
233 1918 258 1979 si
282 1935 317 1978 ex
339 1915 470 1997 llpcenis
491 1915 634 1996 virginem
657 1922 745 1994 atque
766 1915 854 1994 Argis
875 1921 965 1994 petat.

177 2001 334 2065 ‘dubitatur
355 2009 385 2062 et
407 1999 463 2062 iam
485 2001 591 2081 placita
614 2019 697 2061 nnnc
718 1999 817 2061 subito
840 1999 989 2080 improbus

182 2086 352 2166 Priamique
373 2094 469 2146 natam
492 2084 572 2147 Pelei
596 2093 664 2147 nato
686 2087 781 2147 lerum

182 2181 310 2234 mactare
333 2168 450 2232 credis?
494 2180 523 2232 at
544 2178 623 2232 tuam
647 2181 743 2232 natam
766 2186 875 2250 parens

183 2256 313 2318 Helenae
335 2255 508 2317 immolasti:
533 2255 617 2317 solita
639 2255 696 2317 iam
720 2262 749 2316 et
768 2255 843 2316 lacta
867 2263 983 2335 expeto.

183 2360 270 2402 actu.
314 2340 444 2402 lurenile
467 2340 568 2402 vitium
591 2348 637 2402 est
657 2357 761 2418 regere
783 2359 844 2401 non
867 2359 956 2420 posse
977 2341 1138 2420 impetum3
1209 2348 1258 2400 tto

183 2426 285 2490 aetatis
308 2426 380 2487 alios
402 2426 500 2486 fervor
521 2425 570 2486 hic
592 2426 707 2505 primns
729 2426 815 2505 rapit,

183 2510 329 2591 Pyrrhum
352 2519 504 2591 paternus.
550 2509 672 2590 spiritus
695 2509 843 2589 quondam
869 2516 970 2573 truces

184 2595 340 2675 minasque
362 2594 467 2656 tumidi
490 2596 589 2656 lentus
612 2594 755 2657 Aeacidae
776 2594 847 2656 tuli:

185 2700 245 2761 quo
268 2682 354 2762 plura
376 2679 483 2760 possis,
505 2680 592 2760 plura
614 2680 760 2760 patienter
781 2681 868 2741 lenas.

270 2765 347 2838 Quid
370 2764 460 2826 caede
481 2765 543 2826 dira
567 2763 682 2827 nobiles
705 2764 776 2827 clari
798 2764 882 2827 ducis

184 2852 317 2932 aspergis
340 2847 481 2912 umbras?
505 2869 629 2912 noscere
651 2851 708 2912 hoc
730 2852 860 2930 primum
883 2851 976 2927 decet,

186 2936 256 3016 quid
278 2937 377 2998 lacere
398 2936 491 2997 ricton
513 2935 626 3011 debeat,
649 2937 744 2998 rictus
766 2937 837 3016 pati,

119 3068 121 3072 »
185 3021 312 3082 violenta
335 3039 423 3082 nemo
445 3020 568 3101 imperia
592 3021 740 3082 continuit
761 3021 821 3099 diu,

186 3105 335 3167 moderata
358 3106 481 3181 durant3
505 3123 625 3185 quoque
648 3106 779 3168 Fortuna
801 3105 888 3167 altius

187 3189 280 3252 erexit
301 3209 335 3251 ac
357 3189 460 3251 levavit
480 3190 624 3252 humanas
647 3209 730 3270 opes,

186 3275 245 3337 hoc
266 3294 298 3337 se
320 3274 413 3354 magis
435 3274 622 3356 supprimere
643 3274 759 3336 felicem
782 3274 866 3336 decet

180 3360 343 3441 *variosque
366 3379 452 3423 casus
473 3369 600 3423 tremere
621 3366 801 3421 metuentem
825 3359 896 3420 deos

188 3447 312 3508 nimium
335 3447 475 3508 faventes.
520 3463 625 3523 magna
647 3453 797 3506 momento
820 3445 906 3506 obrui

187 3531 333 3593 vincendo
356 3530 453 3592 didici.
496 3529 584 3591 Troia
607 3548 663 3592 nos
685 3531 813 3593 tumidos
835 3529 904 3592 lacit

275 3701 323 3752 227
347 3713 418 3750 sacra
436 3697 578 3763 Phoebo&
636 3699 685 3750 228
710 3697 813 3750 calehus
831 3696 856 3747 Ε
916 3699 965 3750 232
987 3695 1117 3758 Αοὴίὶίἰς
1169 3698 1217 3749 237
1237 3699 1263 3747 et

189 3768 256 3819 clara
274 3767 361 3833 magni
378 3766 480 3818 lactaA
532 3768 581 3820 239
600 3781 710 3818 mennon
727 3766 753 3816 Ε
805 3766 853 3818 243
873 3768 926 3817 tum
944 3780 1017 3817 versu
1035 3764 1066 3816 Α.
1077 3781 1102 3816 u.
1115 3779 1137 3816 c.
1150 3763 1265 3816 timorA

188 3838 239 3887 244
257 3834 375 3900 dignati
455 3836 504 3887 245
524 3835 605 3899 ougo
624 3834 672 3886 etsi
752 3836 803 3886 246
822 3833 916 3885 etiam?
940 3834 1035 3902 placita
1052 3833 1125 3899 vulg.
1144 3835 1267 3885 conant
1375 3854 1376 3889 3

187 3902 374 3953 Bucolicum.
393 3932 427 3941 -
451 3916 499 3953 nec
521 3902 606 3955 subito
628 3902 722 3970 probas
744 3903 770 3951 A
856 3904 904 3955 247
928 3903 1089 3971 patriamqne
1112 3904 1215 3969 gnatam
1239 3899 1266 3951 Ε

188 3971 236 4021 251
256 3967 352 4033 primae
370 3971 395 4018 A
464 3972 514 4020 252
533 3971 610 4022 trucis
627 3971 652 4020 ll
722 3972 772 4022 264
789 3969 890 4036 ἰαοίες
