2686 4482
183 198 244 260 138
534 211 572 257 11
593 209 772 255 1111111111
792 204 906 253 seems

180 364 265 426 misc.
280 363 352 441 phil.
366 363 407 425 lll
422 383 452 443 p.
470 364 509 427 12
526 360 579 442 qui
600 361 637 424 de
658 378 797 423 versuum
820 360 952 423 numeris
974 362 1052 423 inter
1073 381 1106 424 se
1126 378 1256 441 respon·
1322 364 1323 435 ᾗ

181 449 320 512 dentibus
348 467 411 510 non
439 446 585 526 cogitavit.
635 447 721 508 cuius
749 446 889 507 carminis
917 456 1038 508 externa
1068 446 1185 526 species
1219 465 1255 511 eo
1322 458 1323 485 l

179 534 279 597 differt
300 534 331 595 in
353 532 481 594 Etrusco
503 552 519 592 a
541 530 664 611 reliquis
685 530 825 593 omnibus
847 539 880 592 ut
904 549 1110 612 quaecumque
1132 529 1256 597 Hecuba
1322 526 1323 587 J

182 619 264 680 chori
287 618 422 680 lamentis
444 615 596 678 intercinit
615 614 757 677 trimetris
780 614 1002 695 circumscripta
1025 616 1094 681 sint.
1133 622 1255 677 etcum
1322 632 1323 675 3

180 723 207 764 v.
228 705 297 768 102.
323 703 403 766 103*
426 701 490 763 sine
511 700 602 761 dubio
623 710 704 765 recte
726 701 792 762 loco
815 699 948 775 moverit,
963 700 1164 780 'probabiliter
1184 708 1256 779 post

181 808 206 849 v.
231 790 290 853 80’ι
312 785 510 849 conlocaverit
530 785 656 848 Hessius
677 818 719 832 -
740 794 892 866 praeterea
919 803 1039 847 carmen
1067 786 1133 849 sine
1157 785 1256 847 olien-
1322 826 1323 831 κ

180 874 266 936 sione
287 871 422 953 procedit
442 905 495 945 -‚
517 879 578 932 tres
599 869 738 933 Hecubae
752 870 866 949 periodi
885 871 1041 945 (83—973
1067 871 1254 946 tlt-1313
1322 940 1323 943 Ἴ

122 1002 126 1009 -
184 959 376 1035 tte—tto)
406 956 491 1019 denis
518 956 660 1017 trimetris
685 962 839 1030 constant,
867 955 907 1018 ita
928 964 1026 1017 autem
1049 964 1083 1018 ut
1102 955 1201 1035 primo
1225 963 1256 1017 et

180 1044 268 1106 tertio
295 1042 361 1104 loco
389 1039 500 1120 singuli
521 1038 637 1102 dimetri
660 1039 754 1105 denos
775 1039 925 1105 trimetros
949 1039 1106 1121 excipiant.
1149 1048 1255 1103 contre
1322 1040 1323 1043 ’

178 1128 264 1189 chori
287 1135 385 1208 partes
407 1126 437 1188 in
453 1125 481 1187 Ε
499 1144 561 1187 non
582 1124 667 1187 aliter
689 1124 847 1204 discriptae
865 1133 937 1186 suut
951 1143 1038 1205 quam
1054 1124 1167 1204 ubique
1182 1143 1254 1189 ana·
1322 1188 1323 1193 ,

180 1212 288 1293 paesti:
312 1211 441 1290 primum
468 1214 505 1273 15
528 1209 661 1284 dimetri,
684 1210 790 1271 deinde
815 1211 853 1272 16
876 1218 906 1270 et
926 1217 1121 1285 monometer‚
1142 1210 1254 1273 deinde
1322 1216 1323 1285 j

183 1301 221 1360 10
251 1296 386 1371 dimetri,
414 1306 564 1375 postremo
593 1297 610 1356 7
642 1304 672 1355 et
697 1303 894 1359 monometer.
937 1305 967 1356 at
994 1297 1026 1358 in
1048 1313 1083 1357 eo
1105 1295 1254 1357 reconditi
1322 1322 1323 1371 3

179 1381 317 1461 quiddam
339 1383 430 1443 latere
447 1379 578 1443 conicias
593 1381 673 1458 quod
688 1379 719 1440 in
734 1379 837 1441 corbos
851 1379 995 1442 Tbuaneo
1008 1380 1200 1445 miscellaneo
1215 1399 1253 1442 ex
1322 1386 1323 1401 ¹

177 1467 282 1529 codice
310 1467 362 1545 qui
383 1465 510 1527 Etrusco
538 1465 670 1526 anterior
697 1474 742 1526 est
768 1466 965 1544 transcripto,
993 1466 1079 1542 cuius
1101 1465 1261 1546 exemplar,
1322 1476 1323 1541 ζ

177 1551 326 1614 redditum
341 1558 386 1613 est
400 1550 431 1611 in
447 1549 585 1613 editionis
600 1547 825 1612 Teubnerienae
840 1551 932 1629 praet.
948 1569 977 1629 p.
993 1549 1093 1625 XXIV,
1111 1549 1253 1612 Hecubae
1322 1602 1323 1611 ,

179 1628 297 1715 quidem
327 1646 425 1715 partes
454 1652 515 1695 non
544 1633 628 1696 aliter
656 1652 744 1712 quam
771 1635 802 1694 in
824 1634 851 1695 H
871 1634 1029 1714 dispositae
1048 1643 1137 1705 sunt,
1166 1635 1252 1699 chori
1322 1640 1323 1717 j

177 1731 275 1785 autem
299 1721 434 1794 lamenta,
457 1720 554 1798 primo
575 1718 702 1794 turbata,
724 1719 794 1779 inde
816 1738 832 1780 a
851 1737 877 1778 v.
896 1723 956 1782 104
978 1728 1079 1798 aperte
1099 1720 1252 1783 trimetro·
1322 1734 1323 1753 ³

177 1825 246 1867 rum
267 1806 396 1886 speciem
416 1805 562 1867 referunt.
599 1822 656 1866 nec
677 1803 766 1866 alium
789 1804 923 1867 ordinem
942 1805 974 1866 in
990 1804 1123 1869 Tbuanei
1138 1805 1253 1867 codicis

176 1890 338 1969 exemplari
360 1888 484 1963 valuisse
505 1907 593 1967 saepe
616 1887 717 1950 omissi
739 1889 846 1951 docent
867 1908 1004 1951 versuum
1026 1891 1111 1953 fines.
1145 1889 1252 1955 eodem
1322 1884 1323 1957 ζ

178 1974 269 2053 igitur
296 1974 385 2035 modo
414 1973 497 2033 chori
525 1973 658 2052 partibus
686 1973 836 2052 discriptis
857 1975 954 2052 primo
976 1975 1096 2052 quidem
1118 1975 1186 2045 loco
1213 1979 1251 2038 10

177 2060 327 2123 trimetros
349 2059 501 2133 babemus,
523 2058 656 2119 secundo
679 2060 780 2120 decem
802 2059 952 2120 trimetros
971 2078 1039 2121 cum
1058 2061 1197 2136 dimetro,
1219 2071 1252 2121 ut

174 2144 274 2207 bisin
298 2143 435 2209 Hecubae
457 2151 540 2224 parte
562 2144 671 2204 lactum
694 2152 754 2218 est,
784 2144 871 2205 tertio
899 2146 918 2206 6
941 2145 1091 2207 trimetros
1113 2163 1182 2209 cum
1206 2145 1250 2207 di·

174 2241 289 2309 metro,
318 2237 424 2307 quarto
451 2229 601 2291 trimetros
627 2226 771 2309 quinque.
815 2228 866 2291 sed
889 2230 961 2291 baec
981 2229 1095 2291 fallacia
1117 2249 1183 2292 esse
1207 2240 1252 2291 ter
1322 2304 1323 2313 ἵ

174 2315 299 2375 admissa
323 2315 409 2375 docet
429 2314 460 2376 in
483 2312 616 2373 versibus
639 2316 677 2374 ita
700 2312 849 2392 discriptis
869 2314 978 2393 syllaba
1006 2314 1125 2379 debilis:
1156 2334 1185 2375 v.
1209 2316 1250 2380 78
1322 2320 1323 2363 t

174 2416 260 2460 causa
282 2402 436 2460 ministrat.
474 2403 512 2460 ite
533 2399 571 2458 ad
587 2397 731 2476 punem.
780 2401 839 2461 102
861 2400 1075 2478 [1111111111.
1109 2401 1252 2463 11111111
1322 2410 1323 2479 f

173 2488 291 2546 umeris.
329 2485 398 2547 Ι108
427 2483 513 2546 litora
537 2483 666 2563 planctu.
709 2483 894 2564 habitansque
922 2489 1015 2560 ravim
1052 2495 1085 2546 ut
1109 2485 1141 2545 in
1164 2484 1251 2545 ebori

173 2578 258 2648 parte
287 2569 322 2630 de
350 2567 491 2629 trimetris
520 2567 642 2629 omnino
671 2568 795 2647 cogitari
821 2587 883 2629 non
906 2569 1014 2647 possit:
1043 2570 1127 2631 aliter
1148 2578 1250 2632 autem
1322 2564 1323 2651 Ῐ

173 2652 313 2714 Hecubae
339 2653 425 2714 aliter
454 2652 538 2717 chori
564 2652 704 2732 periodos
725 2652 882 2732 dispositas
903 2654 995 2714 fuisse
1018 2663 1104 2732 negat
1125 2664 1251 2719 senten·

172 2737 279 2799 tiarum
296 2738 373 2799 inter
387 2756 420 2798 se
435 2737 680 2818 respondentium
696 2719 902 2817 aequabilitas:
927 2739 963 2799 el.
977 2740 1020 2802 86
1036 2758 1080 2818 sq.
1097 2739 1187 2804 1108
1204 2758 1249 2822 sq.

174 2823 253 2902 quod
276 2824 300 2883 si
323 2822 390 2902 quis
411 2823 562 2884 trimetros
584 2823 721 2884 codicum
744 2823 923 2902 optimorum
952 2842 1100 2885 consensu
1124 2824 1251 2884 traditas

116 3067 120 3075 ,
172 2994 208 3064 ad
237 2994 358 3053 eandem
387 3011 522 3052 normam
551 3011 638 3071 quam
668 2995 807 3069 1111310
836 3011 880 3071 sq.
909 2993 1090 3054 observatam
1119 2993 1250 3054 vidimus
1322 2966 1323 3003 ἦ

172 3075 311 3138 Hecubae
333 3076 572 3156 captivarumque
595 3077 720 3139 lamenta
742 3076 904 3155 redigendi.
1322 3090 1323 3169 ζ

257 3160 336 3222 baud
365 3161 456 3223 multa
484 3169 597 3223 restant
619 3161 748 3225 carmina
769 3162 800 3222 in
824 3161 1128 3241 quibusdubitationi
1149 3163 1249 3242 possit
1322 3226 1323 3253 p

170 3344 276 3424 θρῆνᾳς
299 3349 350 3409 est,
374 3359 425 3396 non
448 3345 632 3410 (1111111111,
655 3344 771 3411 quamvis
793 3311 841 3396 1111
864 3344 968 3396 indicari
991 3343 1106 3396 videatur
1124 3345 1248 3397 carminis

171 3413 288 3464 mmm:
477 3483 538 3542 flete
557 3480 701 3532 Alcmenen
718 3483 865 3546 magnique
881 3481 952 3531 Iouis

474 3549 597 3614 plangite
613 3554 717 3600 nattam.

170 3645 228 3684 nem
241 3646 299 3684 eum
312 3631 338 3683 11
348 3630 373 3683 H
385 3631 507 3698 scriptum
517 3633 550 3685 sit
563 3633 715 3700 Alcmenae,
731 3637 801 3684 certe
815 3632 993 3685 emendatione
1004 3631 1180 3700 reponendum
1196 3639 1247 3685 est:

477 3720 518 3768 ite»
531 3718 674 3771 Alemmae
691 3719 837 3784 magnique
854 3713 927 3773 Icor's

476 3785 598 3852 plangite
615 3791 717 3837 natam.

168 3856 298 3918 iem'rero
317 3867 527 3921 considerandum
542 3883 627 3923 ennon
640 3869 759 3923 carminis
769 3868 900 3923 exordium
911 3868 1004 3923 iniuria
1015 3867 1093 3923 choro
1105 3868 1199 3933 dutum
1215 3869 1251 3923 sit
1322 3898 1323 3903 κ

169 3936 230 4000 post
245 3933 327 4000 prima
344 3935 422 3987 verba
438 3940 566 4004 corrupta.
