2686 4482
187 186 246 248 106
461 201 499 242 nn
520 201 743 243 auarsnsranvu
765 200 982 246 cumasirtcnn.

184 353 271 415 metri
293 352 383 433 igitur
406 351 585 429 ubicumque
606 351 769 430 antiquitus
790 352 889 414 traditi
909 366 981 415 sunt
996 353 1095 414 endem
1111 354 1174 415 vice
1190 354 1266 413 lun-

187 447 298 516 guntur
320 455 377 514 que
400 435 431 496 in
454 437 567 514 graecis
589 436 770 497 carminibus
792 438 970 516 paraemiaci
992 456 1104 500 versus.

270 523 327 583 ism
355 519 470 598 singule
492 518 651 581 videamus.
695 522 754 582 duo
777 532 876 583 extant
898 524 1013 585 cantica
1034 524 1104 584 salis
1127 522 1267 584 dimetris

186 607 373 670 decurrentia
395 604 454 681 (lli.
473 607 649 669 tes-204.
672 605 746 685 Thy.
762 608 943 684 ibe-884)
967 626 1094 688 quarum
1116 608 1152 667 de
1167 607 1266 667 altero

186 692 312 755 dubitari
340 708 429 773 posse
456 690 532 751 inire
554 691 726 751 videbimus.
770 701 803 753 ut
831 693 1009 754 moncmetri
1031 692 1133 773 plures
1155 712 1188 753 se
1211 710 1268 753 cx·

187 778 321 856 ciperem
342 777 387 836 bis
409 775 515 835 accidit
536 776 567 834 in
590 775 717 836 Hercule
740 776 872 838 aeneas
889 796 915 838 v.
935 779 993 840 173

348 858 355 869 ‘
391 871 422 921 at
443 877 491 938 epa
514 861 622 939 infelice
642 878 701 922 aaa
723 860 827 941 templa
848 868 908 925 suis

391 945 525 1024 conlapsa
546 947 604 1006 deis
625 964 771 1025 sparsosve
793 947 881 1024 fucas,

391 1033 468 1090 natis
488 1035 596 1091 miratos

391 1117 493 1174 arsisse
512 1127 610 1194 patres
749 1167 752 1173 ,

390 1197 554 1278 baetinique
576 1200 648 1271 deas,
671 1187 777 1280 templa
798 1136 934 1280 sepulcris
956 1219 982 1261 e.
998 1219 1027 1279 q.
1043 1220 1068 1261 s

190 1293 220 1345 et
240 1302 265 1342 v.
285 1284 366 1346 1916
389 1283 447 1343 sic:

392 1372 489 1429 iamne
509 1366 620 1446 Elysius
642 1385 658 1428 c
680 1380 746 1430 nate
768 1369 866 1430 domm

395 1458 456 1514 iam
479 1451 547 1513 litus
567 1450 674 1513 babes?

394 1550 424 1599 at
445 1556 514 1617 quas
532 1535 677 1616 papulas?

393 1641 433 1683 aa
450 1634 516 1701 pest
536 1633 654 1701 raptum

394 1718 502 1768 actura
523 1704 629 1767 vacat?

394 1790 471 1870 Stpa
491 1803 558 1852 atra
578 1810 677 1852 canera
694 1789 851 1870 praeclusit
872 1796 928 1854 iter
949 1812 975 1853 e.
993 1810 1022 1870 q.
1038 1810 1063 1852 s.

192 1896 268 1956 quse
289 1875 473 1954 transcripsi,
496 1886 530 1936 ut
552 1876 686 1937 turbatus
707 1895 846 1937 versuum
868 1876 941 1937 crde
961 1877 1080 1938 doceret
1095 1875 1266 1955 dispositio·
1326 1926 1327 1931 ,

194 1981 261 2023 nem
284 1979 404 2039 quoque
426 1978 527 2021 errare
550 1969 646 2020 natam
670 1979 743 2021 esse.
787 1970 867 2022 recte
889 1961 967 2023 enim
991 1962 1114 2041 legitur:
1326 1970 1327 1973 ’

397 2050 493 2107 lamae
513 2044 633 2124 Elysias,
655 2064 671 2107 o
692 2059 769 2120 uate,
792 2047 900 2118 domus,

398 2135 459 2191 iam
481 2130 548 2192 litus
569 2129 652 2191 babes
672 2131 711 2191 ad
732 2132 806 2212 quod
823 2132 945 2211 popalus

396 2213 631 2278 accuraverat?

398 2319 437 2360 aa
454 2312 520 2378 post
540 2312 658 2380 rapiam
680 2299 756 2378 Stpa
775 2312 843 2361 atra
864 2319 964 2362 canem

394 2384 549 2462 praeclusit
571 2385 626 2446 iter
648 2396 727 2465 teque
748 2390 780 2446 ia
797 2389 894 2464 primo

399 2468 498 2530 limiae
518 2469 596 2530 Ditis
617 2471 681 2548 sata
702 2468 879 2531 merantur?

196 2554 315 2617 tertium
338 2553 503 2633 exemplum
528 2564 572 2615 est
593 2553 700 2627 Pbaqd.
723 2556 765 2617 79
788 2573 849 2632 sq:

399 2643 553 2720 repetitque
575 2659 655 2701 casas
675 2644 785 2701 rustica
806 2639 889 2718 leupo

400 2724 486 2786 turba
507 2725 660 2803 triumpbc.

400 2829 436 2870 eu
458 2810 525 2872 diac
545 2811 636 2888 faves,

401 2899 515 2972 siquam
536 2898 635 2972 arputi

401 2983 503 3041 misere
525 2998 624 3040 canes:
645 2995 731 3039 vocar
751 2981 783 3037 iu
805 2976 900 3048 siluas,

346 3122 348 3129 .
401 3063 453 3124 bac
473 3062 665 3142 ltacparpam'
683 3082 740 3143 qua
761 3067 810 3123 eia
832 3062 949 3142 lenpaut
1002 3114 1005 3118 .

403 3160 564 3227 compensat
584 3152 646 3209 iter.
1326 3202 1327 3205 ,

199 3235 251 3299 ubi
273 3254 308 3297 ert
323 3235 389 3297 dica
403 3235 485 3312 sanes
499 3236 614 3311 siquam
628 3235 728 3327 arquti
741 3230 849 3292 iniuria
863 3231 1020 3292 diremtum
1036 3248 1101 3290 esse
1116 3229 1271 3291 dimetrum
1326 3236 1327 3239 ’

199 3321 245 3382 vel
267 3339 302 3382 ec
325 3320 465 3381 docemur
488 3317 568 3396 qued
589 3316 686 3413 sace
679 3336 710 3375 in
732 3315 760 3376 E
779 3317 924 3395 scriptum
947 3326 1001 3376 est.
1326 3356 1327 3377 2

284 3403 410 3465 trimetri
425 3403 568 3463 continua
583 3402 686 3481 scripti
701 3401 817 3462 suntin
834 3419 894 3461 una
910 3399 1024 3461 cantico
1036 3399 1163 3461 alternas
1176 3398 1272 3461 Hecu·

202 3493 255 3552 bae
268 3489 476 3566 'fraudumque
491 3485 715 3548 lamentationes
728 3486 913 3547 continente·
906 3486 1007 3564 ,qued
1020 3503 1092 3545 num
1104 3484 1231 3545 consilio
1243 3501 1273 3545 ec
1326 3480 1327 3539 l

201 3576 316 3638 ratione
330 3574 439 3635 lectum
454 3572 492 3633 sit
506 3573 582 3633 infra
598 3571 796 3651 expediemus.
819 3531 930 3647 singuli
943 3569 1040 3631 binive
1050 3569 1103 3630 ubi
1114 3577 1275 3631 accurrunt

202 3659 328 3722 trimetri
330 3658 549 3738 ‚suspicionem
562 3657 598 3716 de
608 3657 795 3718 librariorum
807 3673 908 3716 errare
919 3654 1030 3715 moveri
1042 3663 1274 3716 cousentaneum
1326 3690 1327 3697 .

204 3755 258 3806 est.
295 3753 385 3822 atque
408 3762 487 3804 unus
508 3741 626 3821 quidem
650 3747 726 3803 extat
741 3740 790 3801 Hl.
808 3742 900 3803 1136.
917 3741 955 3803 37
975 3739 1042 3801 loco
1057 3738 1192 3814 turbat03
1214 3735 1275 3801 bini
1326 3750 1327 3799 1

204 3829 279 3906 Tby.
295 3828 458 3901 930-32;
482 3826 535 3888 ΗΟ
552 3829 614 3891 20ss
630 3845 674 3905 sq
699 3827 760 3889 623
776 3843 821 3904 sq
843 3827 923 3890 1928
939 3843 984 3902 sq
1001 3825 1050 3899 (de
1066 3823 1175 3904 quibus
1188 3824 1275 3884 modu

207 3911 350 3987 egimus),
377 3912 505 3989 denique
528 3914 580 3989 Ag.
605 3914 669 3975 641
689 3928 733 3988 sq.
755 3914 786 3970 in
808 3910 874 3970 luca
897 3909 1095 3982 intricetiare3
1124 3926 1193 3970 nam
1215 3909 1327 3973 647
1326 3960 1327 3983 p
