2720 4488
200 204 260 267 190
582 221 609 263 x.
634 221 739 263 sussex
760 222 886 265 smsucxs

198 372 269 433 dum
291 374 452 434 matutinos
475 371 626 453 praedicet
648 371 767 433 Lucifer
789 383 872 434 onus

198 457 316 537 altaque
339 458 506 541 caeruleum
529 456 600 519 dum
623 455 716 518 Nerea
739 458 852 519 nesciet
875 460 990 534 Arctos,

198 541 320 603 candida
344 543 487 604 formonsi
510 541 719 604 venerabimur
740 562 792 604 ora
815 543 913 633 Lyaei.
949 570 1049 614 ιιιιιι
1065 592 1079 605 ..
1093 584 1119 605 ι,

556 693 717 756 uenires

283 796 347 857 Etsi
369 797 434 877 ipse
455 795 553 858 vultus
575 795 688 857 flebiles
710 796 840 875 praefert
863 806 957 871 notas,

197 900 339 961 exprome
361 882 446 943 culus
470 881 565 961 capite
587 879 738 961 placemus
761 880 842 942 deos.

556 1030 656 1095 cuso
721 1000 724 1015 ‘

196 1134 264 1196 Fari
287 1134 371 1195 iubes
394 1144 491 1195 tacere
514 1152 589 1214 quae
613 1134 715 1196 suadet
737 1144 844 1196 metus.

197 1238 263 1280 oso.
308 1219 340 1280 Si
363 1197 391 1281 te'
413 1227 535 1280 ruentes
558 1237 619 1280 non
642 1220 712 1281 satis
733 1218 853 1281 Thebae
875 1234 1002 1295 movent.

197 1314 225 1365 at
247 1312 363 1385 sceptra
386 1313 522 1365 moveant
542 1303 623 1399 lapsa
645 1314 786 1382 cognatae
809 1305 923 1367 domus

197 1408 243 1450 cs.
307 1388 444 1451 Nescisse
467 1390 569 1469 cupies
592 1368 681 1451 siesse
703 1407 778 1484 quae
800 1388 926 1453 nimium
948 1393 1068 1470 expetis.

36 1504 39 1523 ι
84 1483 100 1499 ⁴
120 1508 131 1529 .-
155 1494 180 1523 ιι
197 1493 263 1535 oso.
306 1473 390 1535 lners
412 1473 557 1537 malorum
580 1474 773 1537 remedium
766 1476 933 1552 ignorantia
956 1488 1009 1538 est.
1203 1466 1206 1471 ’
1236 1491 1286 1540 ate

187 1560 274 1621 itane
297 1569 327 1620 et
347 1560 450 1622 salutis
472 1558 608 1640 publicae
631 1559 774 1620 indicium
796 1558 928 1622 obruesl
943 1570 1011 1617 otte
1015 1592 1048 1619 w

196 1663 242 1705 ca.
309 1643 364 1705 Vbi
385 1644 482 1724 turpis
506 1655 552 1706 est
573 1644 730 1717 medicina,
752 1643 850 1706 sanari
871 1646 963 1726 piget.

197 1748 264 1791 oso.
308 1729 416 1790 dedita
438 1733 509 1802 l‘are,
532 1730 577 1790 vel
599 1729 675 1791 malo
698 1728 826 1790 domitus
850 1731 930 1808 gravi

196 1813 268 1894 quid
292 1832 373 1876 arma
395 1815 512 1894 possint
534 1815 613 1894 regis
636 1814 701 1877 irati
724 1815 809 1877 scies.

196 1919 242 1960 cs.
310 1899 407 1961 Odere
429 1918 515 1978 reges
538 1899 614 1960 dicta
637 1917 713 1978 quae
736 1899 794 1960 dici
817 1898 930 1961 iubent.

197 2004 263 2046 oxu.
307 1984 432 2046 Mitteris
453 1984 551 2046 Erebo
574 1985 629 2046 vile
651 2003 707 2080 pro
730 1984 845 2046 cunctis
868 1995 966 2064 caput,

197 2088 303 2131 arcena
326 2069 401 2129 sacri
424 2088 495 2131 voce
518 2069 548 2130 ni
571 2069 681 2149 retegis
703 2080 763 2133 tua

195 2174 242 2216 cn.
307 2154 418 2215 Tacere
441 2154 535 2216 liceat.
581 2154 640 2216 ulla
662 2152 783 2216 libertas
805 2154 902 2215 minor

196 2259 212 2300 a
234 2257 305 2336 rege
327 2236 459 2318 petitur?
504 2257 570 2299 oso
614 2241 709 2317 Saepe
732 2239 777 2299 vel
799 2238 903 2318 lingua
923 2238 1017 2319 magis

195 2325 259 2404 regi
281 2333 370 2402 atque
392 2342 485 2402 regno
508 2332 589 2384 muta
611 2323 731 2384 libertas
753 2322 846 2385 obest.
855 2346 891 2387 ιν
900 2356 911 2395 ι,
938 2348 964 2377 »ι

195 2428 240 2470 cs.
305 2407 360 2469 Vbi
383 2427 444 2468 non
467 2408 537 2469 licet
558 2417 666 2484 tacere,
689 2407 759 2487 quid
783 2408 921 2488 cuiquem
942 2407 1033 2471 licet?

196 2513 262 2555 ono.
307 2493 433 2572 lmperia
457 2493 543 2554 solvit
566 2493 617 2573 qul
639 2503 717 2554 tacet
739 2494 838 2555 iussus
861 2492 953 2573 loqui.

195 2598 240 2640 cs.
308 2580 413 2639 Coacta
435 2577 522 2640 verba
544 2577 679 2658 placidus
701 2578 828 2659 accipias
850 2598 967 2658 precor.

195 2683 261 2724 oso.
306 2661 403 2724 Vlline
426 2681 522 2743 poena
543 2663 803 2743 vocis—expressae
824 2661 902 2725 fuit?

195 2768 240 2810 cs.
305 2747 359 2808 Est
380 2748 486 2828 procul
508 2748 544 2809 ab
567 2749 642 2810 urbe
664 2748 751 2810 lucus
772 2747 889 2811 ilicibus
912 2748 1006 2827 niger,
1076 2790 1084 2807 .

194 2834 316 2895 Dircaea
340 2832 417 2894 circa
439 2833 522 2895 vallis
544 2833 775 2913 inriguae-loca.

125 2916 129 2925 '
195 2936 357 2998 cupressus
379 2917 445 2979 altis
467 2937 593 2980 exerens
615 2919 694 2980 silvis
716 2931 805 2999 caput

194 3002 307 3064 virente
330 3022 448 3082 semper
470 3004 567 3082 alligat
588 3013 695 3065 trunco
719 3021 834 3079 nemus,

195 3106 361 3167 curvosque
381 3088 476 3149 tendit
499 3106 628 3167 quercus
650 3100 680 3149 et
700 3100 804 3168 putres
825 3089 885 3149 situ
901 3066 1028 3159 Wlb

194 3191 306 3235 annosa
328 3191 442 3233 ramos:
467 3174 556 3234 buius
578 3171 697 3250 abrupit
718 3172 794 3234 latus
874 3218 877 3223 .

195 3258 266 3319 edax
289 3266 416 3319 vetustas
423 3277 431 3334 ;
455 3256 514 3331 illa,
537 3258 595 3317 iem
617 3258 708 3318 scissa
731 3254 852 3319 cadens'

188 3343 301 3418 radice,
325 3342 398 3419 lulta
419 3343 529 3421 pendet
551 3342 646 3403 aliena
668 3342 760 3404 trabe.
792 3414 796 3423 .
839 3359 845 3376 ·

193 3446 291 3490 amara
313 3427 400 3489 bacas
423 3428 524 3488 laurus
546 3437 575 3488 et
597 3426 676 3489 tiliee
698 3427 775 3488 leves
790 3426 815 3485 ‘e
845 3448 857 3473 ἰ
901 3458 911 3477 ι

278 3615 414 3666 508-545
433 3618 527 3663 oetam
549 3610 618 3663 tnlt
671 3615 719 3664 508
738 3612 842 3664 lormosl
860 3609 908 3661 ΕΑ
960 3611 1009 3663 509
1026 3625 1138 3659 scaenas
1155 3610 1265 3674 imctdp

194 3686 250 3731 tum
267 3679 406 3747 oedippus.
425 3679 488 3732 (lreo
505 3680 530 3732 Ε
548 3678 668 3746 Oedipus.
687 3680 863 3732 CreonAa-
881 3675 1019 3729 sseullesll
1062 3680 1113 3729 510
1131 3690 1224 3742 expone
1238 3678 1264 3727 A

193 3751 240 3801 511
261 3747 395 3800 suadesll
463 3747 619 3828 bldlspsa:
640 3747 864 3816 peob2m.E
933 3749 982 3799 515
1000 3748 1035 3808 et]
1054 3751 1094 3797 est
1110 3743 1158 3796 ΕΕ
1214 3746 1260 3795 att

192 3829 282 3869 sanare
296 3817 324 3867 Ε
392 3818 441 3868 521
462 3816 547 3868 mittes
565 3817 590 3866 Ε
658 3818 707 3868 523
726 3815 795 3867 nulla
813 3817 838 3865 Α
914 3811 1261 3876 524ιι11ιίΙὶυιΙιιΙιις

193 3885 242 3934 526
260 3883 304 3933 ubi
321 3890 373 3934 tac.
395 3899 420 3934 n.
441 3883 482 3936 lie.
502 3889 521 3947 ς
595 3886 644 3935 stt
664 3881 760 3949 quitll
829 3886 879 3935 534
898 3882 948 3934 situ
975 3898 1009 3931 etc
1032 3881 1097 3933 situs
1115 3885 1220 3932 correct.
1237 3877 1261 3929 ll

193 3951 242 3999 536
261 3949 344 4013 spissa
362 3951 386 3999 Ε
404 3955 523 4000 correxit
540 3950 622 4002 Botn
621 3967 653 4001 ιιι
664 3900 759 4002 {ilva
753 3965 803 4002 ram
820 3950 888 4003 fessa
906 3948 954 4001 ΕΑ
1010 3952 1060 4002 538
1078 3948 1163 4002 baecxs
1180 3949 1202 3998 A
