2776 4476
611 302 769 344 Auruncae.
897 259 904 276 ’
1160 286 1222 347 eto

228 478 231 485 ’
353 475 435 538 qrrera
455 472 506 517 nec
526 473 647 516 nooman
665 456 761 532 potuit
780 452 856 515 bunc
873 455 997 531 poinces
1017 451 1137 514 cirum?

354 544 427 605 HEl.
450 540 574 603 molestis
595 546 641 602 ira
663 556 732 618 quos
750 542 857 617 premit
877 541 995 600 nuberes
1016 539 1097 616 facit,

352 629 480 690 bremens
501 625 604 688 noua
634 622 735 685 NVT.
754 640 841 702 perce
862 624 1025 687 mamardo
1047 634 1074 684 et
1094 627 1172 685 tinto.

353 715 388 776 li.
412 715 578 792 contempsit
595 727 695 777 omnes
715 707 764 769 olle
783 714 836 788 qui
854 716 974 769 mortam
992 712 1095 788 prium·

353 800 421 863 lebet
441 804 485 860 ira
505 800 537 858 in
556 814 644 858 omes.
688 792 723 853 N.
743 797 840 854 accior
859 795 1082 864 admitantuus,

353 886 480 955 alomna,
502 881 584 944 dolor
604 892 660 942 est.-
685 877 768 957 culpa
786 897 846 958 por
868 880 966 940 odium
987 881 1093 957 emipat.

147 966 197 1028 bic
225 965 309 1026 nulio
338 971 425 1030 modo
454 966 637 1044 intellegitur
666 982 720 1025 cur
741 961 877 1024 Deianira
905 962 1016 1025 nutrici
1046 965 1223 1045 respondeat

148 1050 297 1112 caelesti
289 1069 332 1112 rra
354 1055 490 1116 homines
510 1049 731 1121 miserescat,
754 1066 815 1109 aon
837 1048 983 1121 humanm
1007 1048 1087 1126 quod
1109 1050 1222 1111 necad

147 1135 306 1198 Herculem
329 1158 385 1200 nec
407 1148 476 1239 post
497 1156 524 1196 v.
540 1140 603 1201 440
625 1135 690 1195 ad
683 1150 776 1212 ipsam
799 1151 855 1194 nec
873 1133 909 1194 ad
924 1150 1102 1211 quemquam
1115 1134 1223 1196 roicrri

146 1231 256 1300 potest.
300 1224 379 1300 quod
402 1224 427 1285 si
447 1221 546 1284 statim
567 1219 732 1283 mnemon
751 1236 768 1278 a
790 1218 908 1281 nrrtrica
929 1218 1110 1299 appellatur,
1133 1220 1164 1280 in
1187 1238 1222 1280 ec

140 1314 229 1368 certa
249 1307 348 1370 inesse
370 1308 515 1371 sentimas
538 1306 597 1371 scri
618 1303 787 1382 vestigium
823 1303 937 1365 accadit
957 1314 991 1364 ut
1013 1322 1038 1363 r
1055 1307 1117 1366 tte
1137 1322 1223 1385 potue

145 1391 182 1452 ad
205 1411 231 1452 r.
253 1393 318 1455 444
341 1413 418 1456 enses
440 1393 470 1454 in
487 1392 614 1454 Etrusco
637 1389 796 1461 omittatur,
818 1388 901 1467 quali
922 1388 1036 1449 indicio¹
1054 1388 1133 1451 haud
1154 1406 1222 1451 raro

145 1475 340 1555 cognoscitur
360 1497 463 1543 versus
484 1477 555 1539 olim
578 1475 635 1537 loci
658 1493 720 1535 non
743 1481 840 1534 certos
855 1474 955 1534 luisse.
985 1473 1121 1534 ordinem
1136 1475 1222 1536 resti-

146 1561 241 1624 tuisse
254 1559 317 1625 'bac
338 1565 452 1626 ratium
474 1563 546 1625 mibi
568 1562 685 1623 videor:
988 1599 990 1603 ψ

350 1648 385 1710 Ν.
408 1668 490 1730 qoem
510 1667 561 1709 nec
581 1664 703 1710 noverca
721 1648 819 1723 posco
838 1643 914 1705 bana
932 1647 1056 1723 perimes
1076 1641 1200 1704 cirum?

352 1733 386 1794 b.
408 1737 574 1837 corctcmpait
595 1748 693 1805 comes
714 1729 762 1792 ilie
783 1734 834 1810 qui
853 1740 975 1791 mortem
992 1732 1093 1809 mus:

351 1816 417 1881 trba
438 1824 481 1880 ire
502 1823 534 1880 irc
555 1836 642 1879 arses.
687 1816 721 1876 N.
742 1832 829 1896 porca
856 1815 1072 1876 miserando
1095 1824 1121 1874 et
1142 1818 1221 1875 teme.

352 1903 386 1965 ll.
410 1903 568 1966 cadmti‘s
555 1921 603 1964 rra
624 1920 693 1982 quos
710 1904 818 1980 premet
838 1905 998 1962 miseros
1018 1899 1099 1977 fecit,

351 1979 604 2049 bemmanullos.
649 1985 947 2047 Nasamonium
969 1995 1046 2058 trois,

350 2073 479 2148 Numan,
502 2070 586 2134 dolor
604 2084 663 2134 est.
687 2070 770 2150 culpa
788 2087 846 2148 par
865 2070 965 2131 odiam
984 2074 1092 2147 culpat.

230 2155 342 2220 Nessus
354 2157 522 2220 Deianiram
545 2167 669 2237 portans
685 2154 806 2217 Herculi
821 2172 876 2233 por
888 2155 999 2217 flumen
1016 2152 1221 2233 praegreditur
1281 2186 1282 2190 =

142 2262 171 2304 v.
195 2245 272 2306 510:

351 2340 382 2389 m
403 2326 453 2388 alle
471 2339 505 2390 ut
525 2344 584 2390 esce
605 2328 677 2389 cidit
699 2325 813 2387 Alndm
831 2324 951 2426 procaci.-

347 2407 392 2474 ‘to
411 2412 520 2491 praedo
542 2407 636 2475 nobis
661 2414 755 2493 inquit
771 2404 812 2471 ‘et
833 2412 963 2472 coniunx
984 2407 1066 2471 eris'.

347 2496 516 2576 prohibetur
536 2498 739 2576 undicumque
761 2477 925 2574 complemus
945 2496 1043 2574 serens

349 2601 476 2661 pressam
498 2582 610 2644 citabat.
648 2600 707 2643 ooo
722 2580 925 2644 lamentandae
939 2577 1090 2642 Herculem
1112 2600 1138 2642 e.
1154 2600 1183 2661 q.
1196 2602 1220 2643 s.

144 2664 213 2742 quis
243 2665 332 2725 undis
360 2665 555 2745 prohibeatur
583 2664 697 2746 pridem
726 2665 779 2726 viri
810 2666 888 2726 docti
917 2664 1111 2727 dubitarunt.
1134 2676 1164 2728 at
1185 2667 1221 2728 dc

142 2748 239 2810 Nesso
262 2749 319 2810 hoc
342 2770 403 2814 non
426 2751 484 2811 dici
507 2752 660 2813 manifeste
684 2769 759 2830 qnae
778 2756 922 2810 secuntur
936 2748 1061 2824 docent;
1085 2769 1146 2811 non
1162 2752 1221 2812 dici

143 2834 181 2894 de
204 2831 331 2895 Hercule
361 2845 390 2898 ct
419 2855 494 2915 quae
523 2845 681 2911 secuntur,
710 2835 740 2896 in
770 2832 879 2913 quibus
907 2835 1088 2894 contrarium
1112 2836 1147 2896 de
1169 2835 1220 2896 illo

143 2916 348 2998 praedicatur,x
363 2928 394 2981 ct
417 2938 525 2983 nomen
548 2938 611 3000 quo
632 2920 730 2982 addito
748 2932 831 2999 opus
852 2917 918 2978 luit.
954 2916 1053 2998 itaque
1075 2918 1110 2979 N.
1128 2919 1220 2981 Hein-

142 3002 207 3064 sius
230 3003 349 3082 scripsit
360 3005 530 3086 prooebitur
544 3007 638 3075 nodis,
663 3022 723 3085 qao
738 3003 812 3066 nibil
826 3003 993 3076 lucramur3
1016 3022 1084 3064 nam
1100 3004 1143 3065 sic
1158 3023 1218 3065 non

142 3097 190 3149 cst
211 3088 259 3149 cui
283 3097 450 3168 opponatur
471 3109 497 3151 v.
522 3093 584 3155 513
607 3106 666 3152 non
687 3101 784 3152 tenant
801 3089 898 3153 coriae
917 3087 1082 3161 Herculem,
1109 3089 1220 3170 quippe

143 3191 220 3252 quae
250 3192 288 3235 nc
309 3174 434 3237 Nessum
462 3175 583 3254 qnidam
611 3175 771 3239 tenuerint.
816 3182 853 3235 at·
870 3173 942 3235 baec
964 3173 1051 3235 deltet
1071 3175 1129 3236 loci
1151 3194 1220 3236 scn-

142 3258 235 3319 tantia
264 3276 346 3332 ossa,
375 3268 409 3321 ut
428 3260 540 3321 Nessus
562 3258 719 3321 Herculem
743 3259 831 3323 undis
854 3258 1021 3338 prohiberi,
1052 3259 1108 3321 sibi
1129 3260 1221 3339 igitur

141 3343 278 3422 rapinam
301 3360 434 3405 securam
457 3344 586 3425 relinqui
608 3345 717 3414 modat.
740 3344 808 3406 dein
826 3343 935 3409 misere
949 3362 1003 3423 spe
1015 3360 1152 3424 ausaque
1165 3361 1220 3406 cr-

136 3426 230 3488 cidat
265 3428 368 3508 itaque
390 3428 477 3497 verba
497 3429 554 3492 ista
568 3429 694 3491 Nessum
716 3430 888 3509 laqueatam
907 3428 1000 3489 iacias
1021 3446 1219 3509 versuumque

136 3514 203 3575 511
228 3520 259 3574 at
281 3515 353 3576 sm
366 3513 430 3575 loca
455 3515 533 3576 inter
553 3525 705 3576 temutes
725 3514 785 3583 boc
806 3515 930 3576 modo:

348 3610 380 3660 at
401 3598 456 3675 illc,
479 3611 512 3661 ut
533 3616 590 3661 atae
609 3600 684 3661 videt
705 3598 821 3662 lutosa
838 3598 956 3678 procul.

345 3647 526 3762 ‘prohibetor
544 3675 654 3755 codis’,
677 3702 782 3789 mepte
795 3683 959 3786 complosus
980 3684 1076 3784 sosas

345 3763 391 3829 ‘tn
408 3770 520 3848 proedo
540 3763 637 3835 notro
660 3764 782 3850 coprit‘
784 3781 814 3831 ct
834 3773 962 3830 mimicam
983 3758 1067 3841 cria,-

293 3868 475 3949 procurro
497 3852 617 3926 ombus,
640 3870 700 3917 narr
721 3865 817 3917 mosot
837 3854 934 3919 undae
952 3814 1114 3916 Nuculam

142 3933 175 3995 in
197 3934 330 3996 ciusdem
352 3937 432 3999 inter
453 3937 619 3999 licianiram
649 3938 860 4018 nutricemque
883 3937 1034 4017 conloquii
1056 3939 1118 4001 dae
1136 3950 1221 4018 post-

142 4034 233 4097 quam
252 4019 392 4083 Deianira
410 4023 458 4083 sic
480 4025 618 4087 imorem
639 4023 733 4085 adlata
755 4033 801 4085 cst
823 4038 851 4083 r.
874 4022 952 4087 562:

743 4310 751 4348 1
