2648 4478
479 237 517 283 ns
538 237 709 283 rnounissrs.
1083 226 1121 293 81

69 389 148 451 nissis
172 393 330 467 sumptum.
374 406 410 448 ex
437 404 520 449 more
542 388 698 468 Euripidio
727 388 798 450 alias
822 389 877 451 sibi
902 408 962 452 non
987 392 1124 455 familiari

15 468 17 511 f
69 474 143 552 quasi
168 470 429 555 προλογίζευσαν
458 473 600 535 locastam
629 473 759 536 inducit:
789 474 942 537 exordium
966 477 1084 556 quidem
1107 491 1124 540 c

15 566 16 569 ’
69 577 147 620 sensu
160 560 226 621 lacit
239 558 399 621 Horatiano
423 558 471 635 111,
488 561 517 633 3,
534 561 595 622 303
611 557 702 639 quid?
724 569 810 640 ceput
822 560 976 625 abaciacum
990 564 1124 627 munibus

15 628 17 711 l
68 662 125 705 cum
141 656 233 724 putot
253 642 348 722 ilpunc
369 644 435 705 ndti
452 644 593 722 infelicis,
619 644 678 705 sibi
696 655 760 707 tnnc
780 646 896 722 sursum
917 646 1052 711 uiduus?
1084 650 1122 711 cl.

15 722 16 747 ³
68 727 122 808 l'al.
141 729 179 790 Fl.
200 728 250 802 lll,
279 730 342 791 264
364 745 409 807 sq.
454 727 528 789 Oed.
555 730 636 792 1005
657 731 731 807 sq.);
760 729 812 789 sed
841 739 983 794 secuntur
1005 733 1122 813 prologi

15 824 17 897 ζ
66 830 140 874 more
159 821 188 875 et
205 813 331 875 consilio
353 812 476 915 prolata.
506 813 543 873 cl.
567 813 639 874 Eur.
662 812 774 875 Pbocn.
798 814 837 876 77

15 900 17 977 3
159 940 161 943 -
252 891 270 959 ὁ
296 895 329 959 δ’
343 894 465 1000 Ἀργος
488 893 608 971 ἐλθὼν,
631 896 730 979 κῆδος
748 890 935 980 Ἀδράστου
958 897 1077 982 λαβὼν,

15 1012 17 1079 p
253 977 380 1064 πολλήν
404 976 571 1061 αθροίσας
592 973 714 1046 dentd’
734 974 892 1065 Ἀργείων
916 979 1004 1066 ἄγει·

15 1082 17 1117 ὲ
252 1063 312 1129 ἐπ’
335 1061 420 1130 abaci
442 1066 475 1129 δ’
496 1064 608 1130 ἐλθὼν
631 1064 809 1131 ἑπτάπυλα
830 1063 919 1152 τείχη
942 1067 1022 1134 τάδε
1119 1089 1121 1094 ·

15 1218 17 1237 7
253 1152 386 1234 πατρῷ’
409 1147 549 1216 ἀπαιτεῖ
569 1148 724 1237 σκῆπτρα
745 1152 798 1217 καὶ
820 1158 902 1238 μέρη
924 1153 1048 1234 χθονός

66 1236 167 1298 satelles
181 1236 314 1316 reginam
329 1246 432 1299 mouet
446 1245 480 1297 ut
493 1239 528 1299 ad
543 1257 646 1317 pacem
662 1239 767 1302 iratres
782 1239 918 1302 reducat:
943 1240 1001 1303 iam
1014 1241 1122 1305 utrim-

15 1336 16 1389 3
66 1340 117 1400 que
136 1322 165 1383 in
185 1340 314 1401 pugnam
338 1323 416 1384 acies
437 1322 543 1402 parari

15 1418 17 1435 ³
252 1409 359 1486 citscstc
380 1403 493 1487 fulpent
514 1412 605 1487 scyno,
627 1408 762 1471 subrectis
783 1410 860 1471 cdcst

253 1492 338 1570 frons
355 1498 454 1572 primo
475 1492 546 1565 telis,
569 1512 658 1555 curce
680 1493 791 1556 ebrum
811 1505 880 1556 neto

251 1594 355 1638 comen
377 1579 480 1639 ducum
501 1578 610 1639 cecilio
627 1583 836 1659 praescriptum
857 1580 968 1658 ferum.
1040 1601 1045 1612 ·

64 1657 113 1719 boc
130 1661 301 1740 transcripsi
324 1669 357 1723 ut
379 1663 533 1740 intellegas
554 1671 671 1743 poetam
690 1664 774 1724 onus
788 1664 824 1725 ad
839 1661 1031 1740 conloquium
1047 1680 1119 1741 pro·

15 1786 16 1789 ,
64 1760 163 1822 pecare.
192 1746 241 1806 laio
264 1746 344 1807 enim
365 1746 450 1808 locus
471 1758 533 1809 emt
555 1747 591 1808 de
613 1747 739 1810 ducibus
759 1765 854 1828 pauca
868 1747 971 1809 saltem
986 1745 1023 1807 dc
1038 1765 1121 1809 more

15 1908 16 1911 Ἴ
66 1832 227 1908 exponendi.
257 1832 338 1910 quod
358 1824 478 1893 lecisset
500 1833 524 1892 si
546 1833 724 1912 tragoediam
748 1833 878 1895 scribere
893 1831 1043 1907 voluisset,
1058 1850 1120 1894 nou
1187 1824 1190 1831 ¹

65 1912 299 1977 declamationem.
334 1934 410 1995 quae
430 1927 574 1979 secuntur
599 1918 763 1980 secundum
785 1918 856 1979 Eur.
869 1916 981 1978 Phoen.
997 1918 1122 1979 1264-

67 1999 135 2062 ttsn
155 2001 317 2081 composita
340 2011 411 2062 sunt
434 2004 530 2071 (1280
553 2000 662 2084 ἔπειγ’
679 1999 793 2084 ἔπειγε
816 1999 989 2084 θύγατερ),
1016 2018 1120 2082 cuam

64 2100 138 2161 quam
157 2086 206 2147 illa
229 2104 290 2147 non
314 2086 507 2165 conloquium
534 2088 587 2149 sed
615 2106 746 2168 pugnam
768 2089 847 2150 iuter
867 2088 973 2148 iratres
999 2102 1121 2167 praece·

65 2167 135 2231 dunt.
162 2171 310 2250 Antigona
332 2178 454 2233 matrem
477 2172 611 2250 instigat:
633 2173 717 2251 signa
740 2172 797 2233 iam
813 2172 941 2234 conferri
956 2171 1120 2250 proelium·

66 2271 113 2330 que
131 2255 248 2317 instare.
279 2256 310 2317 in
333 2274 469 2336 campum
491 2257 603 2319 Iocasta
625 2257 753 2318 devolat:
775 2259 814 2318 cl.
837 2256 948 2321 ruoen.
968 2260 1027 2321 163
1044 2252 1119 2323 ἀνε-

64 2333 173 2415 μώκεος
195 2338 273 2404 εἴθε
292 2337 412 2423 δρόμον
436 2341 576 2425 νεφέλας
589 2338 694 2406 cccclv
710 2338 903 2423 ἐξανύεαιμι
918 2340 966 2404 dc'
980 2338 1122 2425 αἰθέρος

64 2421 136 2502 πρὸς
162 2420 240 2505 ἐμὸν
265 2418 490 2507 ὁμογενέτορα.
503 2427 527 2501 ⁵)
576 2427 693 2489 satelles
715 2447 730 2489 e
751 2445 838 2489 muro
860 2426 1047 2507 prospiciens
1067 2427 1121 2491 de·

15 2580 17 2597 p
64 2509 152 2571 scribit
171 2511 305 2589 reginam
329 2513 406 2573 acies
429 2512 617 2574 diducentem
641 2521 671 2572 et
691 2512 797 2573 fratres
819 2512 926 2573 inritos
941 2511 976 2573 ab
992 2511 1120 2573 instante

15 2600 17 2651 i
64 2594 160 2669 proelio
182 2596 372 2658 retinentem.

135 2700 208 2760 quae
231 2688 375 2742 secuntur
396 2688 497 2761 aperte
520 2681 627 2741 docent
649 2680 721 2741 baec
739 2697 799 2741 non
819 2699 853 2742 eo
870 2680 994 2741 consilio
1010 2680 1120 2760 scripta

66 2779 118 2823 esse
135 2773 167 2826 ut
187 2780 314 2826 scaenae
334 2765 532 2827 traderentur.
569 2765 670 2827 ultima
693 2766 772 2827 enim
795 2764 927 2825 satellitis
943 2764 1031 2826 verba
1047 2782 1120 2825 con·
1169 2842 1171 2844 Ι

64 2845 134 2993 pieplo
153 2850 264 2930 excipit
284 2850 413 2912 locastae
433 2869 533 2911 sermo
554 2851 592 2911 in·
609 2850 713 2912 mediis
734 2849 901 2929 agminibus
921 2849 999 2910 inter
1013 2849 1120 2909 fratres

81 2933 178 2997 a'tus:
1192 2934 1196 2940 ’

250 3023 284 3080 in
305 3039 351 3081 nte
371 3038 455 3081 orma
476 3029 502 3080 ct
523 3023 603 3099 ipncs
623 3023 725 3082 vertite
745 3036 772 3080 e.
789 3036 817 3096 q.
833 3035 857 3077 s.

15 3090 16 3109 ¹
66 3115 152 3162 scaena
179 3104 259 3183 apud
289 3104 433 3166 Senecam
461 3106 584 3166 omnino
613 3123 676 3165 uon
704 3111 836 3166 mutatur
856 3101 914 3163 nisi
937 3102 968 3163 in
991 3101 1119 3163 Hercule

15 3244 16 3247 ,
68 3181 166 3263 (lemen,
188 3188 229 3249 ibi
252 3207 322 3250 vero
343 3190 455 3251 chorais
476 3189 643 3252 intercedit.
673 3189 724 3250 sed
746 3190 793 3249 lac
811 3188 936 3268 chorum
951 3188 1007 3247 hoc
1022 3187 1119 3248 Phoe·

67 3266 192 3335 nissamm
222 3273 291 3335 loco
322 3274 523 3350 intercidisse,
553 3274 632 3355 quod
661 3273 714 3335 viri
743 3273 821 3335 docti
842 3273 956 3353 pridem
978 3272 1119 3352 suspicati

67 3363 136 3416 suut:
157 3364 255 3420 tamen
278 3359 362 3420 nullo
383 3360 472 3420 modo
485 3359 559 3420 haec
573 3377 696 3421 scaenae
711 3358 833 3420 mutatio
850 3358 983 3420 excusari
998 3356 1117 3436 poterit.

67 3433 91 3496 in
110 3438 228 3505 Hercule
251 3445 349 3524 primo
371 3445 406 3506 ad
428 3442 614 3520 ‘Oechaliam
643 3443 774 3505 secundo
796 3451 863 3504 actu
887 3441 1032 3504 Trachine
1054 3458 1119 3502 ver·

15 3556 16 3559 ,
66 3553 250 3572 „N-

137 3627 156 3691 ⁵)
172 3631 222 3680 430
249 3631 293 3678 uia
302 3642 344 3678 me
350 3628 486 3694 procellae
496 3630 602 3680 turbine
612 3629 707 3678 intono
721 3627 816 3677 urbane
833 3641 855 3677 e.
865 3642 891 3692 q.
900 3640 922 3676 s.
941 3623 972 3676 cl.
982 3621 1049 3690 uby.
1061 3623 1119 3674 623.

67 3685 101 3741 uo
115 3694 205 3763 lblsq.
267 3695 312 3763 pli.
330 3695 482 3750 'l'racb953
496 3708 533 3762 sq.
559 3694 626 3759 (εἴθ’
646 3688 800 3762 brentacnol
818 3710 859 3750 τις
875 3688 938 3757 aad).
973 3694 1063 3743 notum
1081 3692 1120 3741 est

68 3758 148 3813 etalas
164 3770 189 3816 et
207 3764 274 3817 alitis
292 3764 413 3816 auxilium
432 3770 458 3816 et
474 3765 556 3831 ipsam
574 3764 642 3815 alitis
659 3763 765 3814 formam
784 3776 861 3829 saepe
878 3761 905 3812 in
922 3759 1028 3812 summis
1042 3757 1120 3810 animi

68 3822 191 3884 adfectibus
213 3832 281 3900 apud
305 3832 416 3899 tragicos
439 3830 549 3885 Graecos
571 3831 701 3898 exoptati,
726 3829 756 3882 cl.
775 3828 902 3881 Wclclrer.
920 3832 951 3881 tr.
1001 3867 1007 3879 .
1025 3842 1051 3895 p.
1070 3829 1119 3881 295

68 3890 114 3945 adn.
125 3899 160 3949 11.
177 3915 203 3965 p.
212 3903 270 3965 106,
289 3905 315 3951 et
332 3905 433 3968 praeter
445 3900 516 3952 locos
528 3900 559 3951 ab
572 3899 617 3951 illo
629 3898 727 3950 adlatos
737 3897 794 3949 Eur.
806 3897 864 3950 llec.
878 3899 942 3951 1100
983 3911 1033 3950 erc.
1046 3898 1119 3950 tuns.

69 3956 107 4024 ln.
123 3965 176 4029 781,
194 3970 234 4021 nt.
269 3967 349 4035 Sepla.
369 3968 488 4022 011014.
506 3968 554 4036 lrg.
572 3970 621 4022 tta
640 3967 690 4019 alia
707 3965 795 4020 multa.

110 4052 148 4097 beo
160 4057 187 4100 de
199 4060 293 4103 senecen
306 4061 432 4114 tragoedils.
900 4053 916 4103 6
