2648 4478
149 201 191 262 40
524 214 562 257 un
584 213 687 258 000000
709 213 846 261 00000000.

191 368 265 448 Thy.
292 369 353 433 623
377 370 439 448 pais
460 385 506 428 me
524 383 578 447 per
596 384 687 429 000000
708 365 792 428 turbo
811 369 999 446 praecipitem
1026 364 1104 427 00000

378 464 498 532 atraque
518 451 593 513 000000
614 449 735 514 involuit
754 462 788 513 ut
810 461 923 512 tautam
945 451 1031 529 nefas

377 540 481 616 eripiat
502 534 611 598 oculis?

148 622 226 683 inil
255 621 342 683 etiam
369 622 463 684 ooloet
489 622 633 701 scriptum
661 629 707 682 est
733 620 778 680 vel
808 619 948 691 ineoloot3
977 627 1065 698 atque
1094 620 1123 680 id
1153 637 1236 680 sane

147 707 297 787 reciperes
325 705 350 766 si
378 725 480 768 verum
509 715 587 768 esset
613 725 639 765 v.
663 707 725 770 023
753 705 887 767 00100000
910 703 936 763 ll
956 712 1063 765 extare.
1108 706 1160 765 sed
1183 703 1234 765 ibi

54 786 93 871 2,
147 791 222 853 uelat
243 791 361 869 legitur.
399 791 437 853 cl.
452 790 564 853 Phoen
589 776 650 877 430
674 809 736 870 puts
757 809 801 851 me
820 788 963 870 procellae
984 789 1098 851 00000100
1121 795 1233 852 insano

147 877 248 939 00100000
269 876 384 939 volucer
402 896 456 957 per
478 895 566 938 000000
588 887 689 937 veatae
711 873 850 936 aetherias
875 872 962 953 apati

190 978 333 1059 Thyestes
354 977 452 1075 lovem
474 976 521 1038 1010
543 976 640 1037 verbis
662 976 842 1056 imprecatur
870 978 951 1039 1083
974 995 1018 1056 sq

583 1060 655 1122 della
675 1073 827 1124 vammum
848 1063 973 1142 aodipae

379 1150 519 1209 committe
541 1157 568 1207 et
589 1149 670 1207 omui
686 1158 771 1226 porte
791 1146 949 1209 violentam
970 1150 1071 1207 iatooa
1178 1214 1180 1218 ,

268 1233 349 1296 1085
378 1249 521 1312 manupae
542 1249 602 1292 00000
623 1249 679 1310 000
700 1242 772 1293 tecta
793 1242 820 1293 et
841 1236 1001 1293 immeritas
1023 1232 1117 1293 000000

378 1316 431 1377 telo
450 1320 525 1396 petis
546 1320 667 1386 minore,
689 1318 737 1378 aed
758 1336 814 1397 peta
834 1321 977 1378 montium

378 1405 536 1480 terpemiua
556 1400 643 1463 moles
665 1403 763 1464 cecidit
784 1412 810 1462 et
831 1406 882 1482 qai
901 1401 1047 1462 meotidas

378 1485 491 1547 00000000
509 1501 596 1565 pares
615 1489 753 1566 piperatas,
774 1486 842 1548 laec
863 1505 948 1547 arma
971 1485 1073 1565 ampodi

382 1574 512 1652 ipaespae
534 1581 641 1652 torque.

149 1672 312 1734 orationem
342 1671 474 1734 vitiosam
503 1690 569 1734 esse
598 1690 666 1733 cum
694 1671 807 1733 videret
832 1671 963 1751 Scaliger
994 1669 1236 1734 tatemerem

148 1755 201 1819 ltac
222 1775 306 1818 00000
327 1758 446 1837 00000000
469 1758 549 1836 quod
564 1775 635 1819 sane
650 1758 850 1818 necessarium
866 1764 920 1832 est,
943 1755 968 1816 si
985 1756 1066 1819 1085
1081 1772 1235 1834 manupae

149 1842 306 1903 antecedit.
336 1842 498 1913 sedenter,
520 1860 698 1921 quamquam
714 1841 897 1915 duriuscule,
914 1840 1092 1902 sententiam
1106 1856 1123 1900 a
1138 1850 1236 1918 poeta

150 1934 349 1988 constructam
371 1944 436 1988 0000
450 1925 595 1988 Etruscus
617 1927 712 2000 docet,
736 1927 787 2006 qui
806 1927 888 1990 1085
911 1942 1083 2006 0000000000ιο
1098 1923 1233 1999 exhibet,

148 2020 192 2088 ut,
216 2028 285 2073 cum
307 2018 447 2090 quattuor
468 2029 608 2073 versuum
630 2011 724 2091 spatio
747 2010 903 2075 interiecto
925 2012 1048 2072 verbum
1073 2018 1233 2088 sequatur,

149 2094 299 2158 obiectum
319 2096 415 2175 repeti
437 2096 556 2175 quidem
578 2096 730 2171 debuerit,
762 2097 813 2158 000
836 2096 1061 2174 circumscripto
1085 2093 1233 2157 vocabule
1321 2124 1322 2157 1

148 2180 212 2261 ipsa
233 2181 370 2261 repetitio
392 2181 479 2244 vitata
501 2182 554 2263 sit:
583 2200 756 2262 0000000000ιο
777 2200 836 2245 aaa
857 2200 913 2261 pua
934 2214 993 2252 —,
1021 2180 1069 2242 sed
1094 2199 1152 2260 pua
1173 2213 1233 2255 -—,
1321 2178 1322 2183 ’

149 2266 216 2328 laec
236 2284 321 2328 arma
342 2267 452 2346 ampodi.
655 2334 657 2341 y

154 2416 157 2423 .
214 2366 267 2429 110
291 2370 353 2433 558
582 2371 609 2429 ai
631 2386 700 2449 puae
721 2368 804 2428 decor

379 2453 452 2516 10100
474 2457 578 2515 00000010
595 2455 705 2534 pectori
725 2450 864 2514 Herculeo
886 2452 974 2530 foca,

378 2542 513 2618 emiapae
536 2549 618 2613 totas,
638 2537 771 2618 perbibat
791 2537 928 2616 flammas
949 2538 1014 2596 00000.

149 2639 279 2719 primum
301 2641 364 2703 500
386 2650 469 2714 totae,
493 2656 555 2700 non
578 2650 654 2701 totas
676 2644 813 2713 (testatur
827 2637 861 2698 N.
877 2636 1029 2711 Heinsius)
1045 2637 1076 2697 in
1091 2635 1232 2716 Escrip-
1321 2634 1322 2685 ἕ

149 2732 213 2785 tum
236 2734 289 2786 est.
327 2724 433 2785 deinde
455 2724 486 2785 in
509 2724 611 2786 eodem
633 2742 719 2786 versu
742 2723 900 2802 quodiam
924 2721 1091 2783 ellelisseo
1106 2721 1232 2802 Lipsius

148 2809 315 2890 protulerat
334 2809 478 2870 Etruscus
500 2809 634 2891 praehet:
663 2809 795 2891 perbibat
812 2809 941 2888 foemam
963 2809 1028 2868 mei.
1059 2808 1136 2885 quod
1160 2806 1233 2869 sine
1321 2824 1322 2863 1

149 2895 239 2957 dubio
262 2902 375 2957 rectum
399 2903 453 2956 est.
1321 2890 1322 2915 1

234 2998 260 3042 0.
286 2982 347 3045 585
378 2979 551 3059 Calydoniae
573 2980 672 3057 deflete
693 2977 845 3057 lapeodam
867 2982 957 3040 vicem
1321 3000 1322 3029 1

150 3082 218 3126 cum
240 3063 260 3124 l
276 3082 300 3126 0.
323 3083 353 3143 p.
370 3065 431 3127 433
455 3074 605 3125 narrarem
629 3064 660 3124 in
681 3062 710 3124 Σ
730 3063 788 3142 legi
812 3061 986 3160 Calydoniae
1007 3061 1098 3141 lapete
1119 3061 1232 3139 0011000-
1321 3074 1322 3145 1

151 3149 218 3211 dam
238 3153 327 3210 uicem
355 3147 916 3229 001000000010110000110000000
941 3147 1065 3209 Etrusco
1089 3164 1157 3207 mox
1178 3145 1232 3207 in·

149 3233 290 3297 venirem

235 3337 262 3379 0
288 3317 348 3382 081
378 3319 447 3379 dam
465 3321 538 3397 petit
559 3336 652 3378 00000000
670 3316 807 3397 praeiere
829 3318 902 3379 diem

377 3406 529 3484 patrioque
546 3420 621 3482 paer
642 3406 767 3464 constitit
788 3420 844 3463 0000

379 3506 430 3549 aec
447 3506 501 3567 per
523 3486 639 3549 solitam
660 3488 785 3549 decurrit
806 3490 870 3564 iter,
1321 3524 1322 3543 2

378 3573 428 3634 sed
449 3570 583 3634 Ploedeis
605 3576 702 3652 ipeota
722 3583 797 3633 secat

296 3659 358 3723 085
380 3659 475 3720 sidera
496 3658 624 3736 (lammis
646 3667 856 3731 memerato,

379 3761 472 3805 secam
488 3747 602 3823 pariter
620 3743 746 3824 perdidit
770 3741 876 3803 0000000.

150 3843 253 3906 itaer
281 3843 408 3906 Etrusco
438 3845 537 3907 locum
565 3841 708 3923 Peiperus
737 3843 825 3904 dedit.
869 3843 921 3904 sed
948 3854 1023 3904 secat
1051 3861 1078 3903 0.
1100 3843 1162 3907 084
1189 3842 1230 3905 ab
1321 3854 1322 3901 1

149 3928 362 4008 interpolatore
390 3936 436 3990 est
463 3929 514 4009 qui
543 3929 742 4008 corruptelam
771 3928 912 3989 oblimare
941 3927 1060 4003 voluit3
1081 3928 1229 3991 Etruscus
1321 3952 1322 3989 2
