2658 4488
471 281 616 324 nnnovnns
638 265 786 340 [onrsnvs]

85 450 161 512 quas
184 430 297 504 timeat;
320 429 396 492 odiis
418 430 519 510 accipe
541 432 598 493 hoc
619 432 712 494 telum
735 432 810 495 tuis:

86 535 143 596 ego
166 515 220 577 sim
244 533 381 577 noverca.
426 516 552 596 perdere
573 517 695 579 Alciden
718 527 819 599 potes:

84 602 187 683 perfer
209 619 316 662 manus
338 619 543 682 quocumque;
567 603 638 681 quid
660 621 767 678 cessas,
791 601 868 666 deal

85 696 172 749 utere
193 686 312 748 furente
336 719 373 731 -
399 686 478 765 quod
501 687 584 749 iubes
606 689 670 750 fieri
693 687 798 750 nelos?

86 772 196 852 reperi,
220 770 289 851 quid
313 769 439 833 haeres?
469 772 533 851 ipsa
554 773 611 835 iarn
635 792 733 836 cesses
754 773 834 850 licet,

85 860 160 920 haec
182 857 225 918 ira
248 858 318 918 satis
340 865 394 918 est.
448 876 512 918 uvr.
557 858 689 920 Pectoris
711 858 775 920 sani
798 877 913 939 parum,

85 946 216 1017 alumna,
240 950 363 1022 questus
385 942 548 1022 comprime
571 952 600 1005 et
620 943 750 1005 dammas
772 945 872 1019 doma3

86 1032 170 1091 irena
195 1027 336 1089 dolorem.
381 1028 538 1106 coniugem
561 1028 684 1090 ostende
706 1029 853 1092 Herculis.

88 1133 147 1176 onr.
192 1111 253 1173 Iole
276 1113 349 1173 meis
372 1113 483 1193 captiva
507 1132 663 1192 germanos
686 1113 765 1175 dabit

86 1199 164 1261 natis
187 1198 323 1277 lorisque
344 1199 394 1260 fiet
416 1216 452 1259 ex
473 1198 581 1260 famula
604 1196 722 1262 nurus?

88 1303 150 1347 non
172 1284 288 1345 flamma
311 1301 417 1344 cursus
439 1284 550 1362 pariter
572 1292 600 1346 et
622 1294 740 1345 torrens
761 1285 836 1346 leret

87 1381 118 1432 et
138 1387 207 1430 ursa
230 1376 353 1448 pontum
377 1368 454 1430 sicca
476 1369 645 1432 caeruleum
668 1368 749 1430 bibet
770 1405 834 1449 -‚

87 1473 149 1517 non
173 1454 222 1516 ibo
245 1454 354 1515 inulta:
378 1455 506 1533 gesseris
529 1455 643 1516 caelum
664 1454 733 1516 licet

81 1547 227 1618 totusque
250 1558 352 1619 pacem
375 1532 480 1600 debeat
501 1540 631 1601 mundus
654 1539 717 1614 tibi,

87 1634 133 1688 est
155 1624 265 1703 aliquid
288 1625 379 1704 hydra
402 1624 502 1704 peius:
526 1625 616 1686 iratae
638 1624 723 1686 dolor

88 1719 207 1790 nuptae.
252 1709 320 1788 quis
342 1710 420 1787 ignis
442 1720 542 1771 tantus
565 1710 597 1771 in
620 1710 733 1771 caelum
756 1709 829 1771 lurit

86 1796 217 1858 ardentis
241 1792 374 1866 Aetnae?
405 1795 548 1875 quidquid
570 1804 616 1858 est
636 1795 745 1856 victum
768 1795 820 1857 tibi

88 1882 137 1942 hic
158 1880 256 1942 vincet
276 1881 393 1941 animus
413 1914 457 1924 -
479 1889 563 1961 capta
584 1881 746 1961 praeripiet
768 1878 872 1942 toros?

87 1967 184 2029 adhuc
206 1964 343 2028 timebam
367 1973 507 2040 monstra,
530 1966 585 2026 iam
610 1965 725 2027 nullum
748 1975 793 2027 est
814 1966 940 2028 malum:

87 2069 204 2114 cessere
221 2061 334 2130 pestes,
357 2051 389 2112 in
410 2050 509 2113 locum
531 2052 612 2112 venit
633 2051 713 2113 serae

87 2137 179 2199 invisa
202 2136 314 2215 paelex.
359 2155 473 2197 summe
496 2154 551 2214 pro
575 2145 674 2198 rector
696 2136 784 2197 deum

90 2231 119 2284 et
140 2222 218 2284 clare
241 2221 341 2297 Titan,
364 2220 501 2283 Herculis
524 2229 637 2284 tanturn
661 2222 704 2283 lui

90 2308 221 2369 coniunx
244 2306 389 2381 timentis3
411 2316 477 2368 rota
500 2325 575 2385 quae
597 2308 715 2388 superis
737 2308 791 2369 tuli

90 2410 205 2455 cessere
228 2400 340 2472 captae,
361 2392 467 2471 paelici
490 2392 559 2453 felix
582 2393 634 2467 lui,

90 2478 131 2539 illi
154 2495 235 2539 meas
257 2477 389 2553 audistis,
412 2495 429 2537 o
453 2477 564 2556 superi,
587 2495 702 2558 preces,

90 2562 248 2625 incolumis
271 2562 313 2623 illi
334 2570 445 2624 remeat
466 2596 508 2606 -
530 2581 548 2622 o
572 2563 652 2624 nulla
674 2562 759 2623 dolor

91 2657 229 2710 contente
251 2666 359 2727 poena,
382 2666 491 2727 quaere
514 2647 658 2729 supplicia
681 2646 810 2721 horrida,

91 2734 257 2812 incogitata,
281 2733 409 2808 infanda,
432 2733 576 2794 lunonem
600 2734 672 2793 doce

91 2819 160 2898 qnid
185 2819 250 2879 odia
272 2819 401 2879 valeant:
426 2819 521 2879 nescit
542 2819 628 2881 irasci
651 2818 730 2879 satis.

91 2922 145 2984 pro
167 2923 215 2963 me
238 2902 361 2983 gerebas
382 2902 467 2980 bella,
490 2913 614 2984 propter
636 2922 683 2964 me
705 2919 790 2981 vagas

93 2989 239 3051 Achelous
262 2988 356 3049 undas
378 2988 523 3066 sanguine
545 2989 647 3050 iniecit
668 3006 734 3063 suo,

91 3093 157 3136 curn
181 3074 260 3135 lenta
282 3091 407 3152 serpens
428 3074 521 3148 lieret,
545 3074 576 3135 in
599 3081 716 3135 taurum
739 3082 852 3133 trucem

92 3179 173 3221 nunc
195 3160 327 3220 flecteret
348 3166 486 3238 serpente
509 3158 641 3239 deposita
663 3159 768 3233 minas,

93 3253 120 3307 et
142 3244 222 3306 mille
244 3244 276 3304 in
299 3243 384 3305 hoste
406 3244 541 3305 vinceres
563 3262 624 3305 uno
646 3245 734 3306 ieras.

93 3330 147 3391 iam
171 3329 370 3408 displicemus,
394 3337 477 3408 capta
500 3330 627 3408 praelata
650 3338 695 3391 est
716 3328 788 3390 mihi
811 3363 853 3373 -

93 3434 152 3475 non
176 3415 375 3494 praeferetur:
400 3414 452 3493 qui
475 3412 537 3475 dies
559 3414 676 3476 thalami
700 3414 822 3476 ultimus

94 3501 186 3560 nostri
210 3508 255 3560 est
276 3500 405 3576 tuturus,
429 3497 477 3559 hic
499 3500 556 3560 erit
577 3500 652 3561 vitae
674 3508 751 3561 tuae.

91 3584 162 3663 qnid
186 3582 263 3645 hoc?
293 3584 404 3645 recedit
426 3583 542 3646 animus
565 3596 595 3648 et
615 3584 701 3666 ponit
722 3584 834 3658 minas3

178 3822 227 3872 220
245 3819 330 3871 timuit
347 3819 372 3870 Ε
441 3823 490 3873 221
510 3834 566 3870 sum
584 3819 661 3871 codd.
681 3823 802 3870 corrosit
820 3820 852 3869 da
870 3819 1052 3873 Wilamowitz
1116 3820 1166 3869 274

94 3888 180 3956 peperi
198 3887 248 3939 ΕΑ
266 3904 335 3939 corr.
355 3892 374 3952 ς
443 3891 491 3941 tm
511 3888 527 3937 i.
546 3887 589 3938 lati
609 3894 647 3938 est
666 3887 698 3939 Ε.
722 3916 751 3925 -
768 3904 827 3939 nvn.
843 3888 868 3938 E
943 3889 993 3940 280
1012 3903 1071 3938 num
1090 3886 1115 3937 n.
1134 3887 1166 3937 A.

94 3985 125 3993 -
143 3956 258 4008 lerentA
311 3958 359 4010 283
377 3956 487 4008 mundus
506 3955 600 4006 milrill
653 3955 746 4008 28411.
766 3956 888 4023 potius&
941 3957 990 4009 286
1009 3954 1168 4006 lraetlmaelt'
1275 4016 1277 4020 Ι

95 4026 143 4075 290
162 4029 290 4092 protector
308 4024 384 4077 codd.
403 4028 524 4076 correxit
540 4023 648 4090 Lipsius
700 4026 749 4077 295
767 4025 908 4076 incolumes
926 4024 951 4074 ll
1004 4026 1051 4077 301
1071 4023 1169 4089 qumli
