2790 4494
600 226 729 273 recubus

214 385 243 438 et
265 376 308 438 vir
330 386 358 439 et
378 375 500 456 Pyrrha,
523 396 603 439 mare
626 395 693 439 cum
715 378 857 456 viderent,

213 471 243 524 et
264 461 339 524 nihil
361 470 479 542 praeter
500 480 580 524 mare
602 481 670 524 cum
691 464 825 526 viderent

214 547 296 608 unici
317 547 405 608 terris
426 546 562 609 homines
584 548 690 610 relicti.

299 632 397 694 Solvet
418 633 500 693 hunc
522 640 659 713 questum
681 632 876 714 lacrimasque
900 647 1015 700 nostras

212 725 332 797 sparget
353 717 413 778 buc
435 717 507 779 illuc
528 717 633 798 agitata
656 717 767 796 classis,

411 815 431 851 ss·
608 818 627 852 ll·

214 877 243 931 et
264 868 336 931 tuba
356 870 429 932 iussi
453 870 522 931 dare
543 869 606 933 vela
629 880 735 933 nautae

213 972 281 1016 cum
303 955 391 1016 simul
412 956 507 1016 ventis
529 964 709 1036 properante
729 975 813 1018 remo

213 1040 388 1120 prenderint
408 1040 498 1101 altum
522 1041 675 1120 fugietque
696 1041 776 1103 litus.

213 1124 280 1204 quis
302 1134 394 1187 status
416 1125 524 1187 mentis
545 1126 672 1204 miseris,
695 1125 746 1187 ubi
769 1127 867 1189 omnis

211 1217 290 1271 terra
311 1210 464 1273 decrescet
485 1211 668 1292 pelagusque
691 1220 812 1288 crescet,

212 1295 289 1356 celsa
312 1313 380 1356 cum
402 1296 491 1375 louge
513 1296 636 1359 latitabit
657 1293 730 1359 lde?

211 1386 274 1442 tum
296 1399 372 1460 puer
393 1381 479 1443 matri
502 1381 696 1460 genetrixque
720 1391 799 1456 nato,

211 1464 298 1528 Troia
321 1485 378 1546 qua
400 1466 492 1527 iaceat
513 1466 635 1544 regione
661 1473 842 1541 monstrans,

211 1550 291 1612 dicet
312 1558 341 1611 et
361 1552 450 1629 louge
471 1551 564 1629 digito
587 1550 715 1614 notabit:

212 1635 309 1696 ‘llium
332 1635 467 1712 estillic,
490 1635 541 1698 ubi
563 1636 663 1697 fumus
685 1637 741 1699 alte

210 1721 304 1800 serpit
324 1720 356 1782 iu
379 1721 491 1783 caelum
513 1721 698 1802 nebulaeque
720 1720 842 1801 turpes!

210 1804 304 1868 'lroes
325 1806 384 1867 hoc
404 1808 490 1886 siguo
513 1806 637 1886 patriam
659 1806 809 1869 videbunt.

474 1941 636 2004 NVNTIVS

211 2041 235 2104 0
259 2042 422 2120 duratam,
444 2062 527 2105 saeva
550 2042 715 2105 miseranda
737 2028 871 2105 borrida'l

122 2126 204 2207 quod
225 2136 286 2189 tam
307 2128 416 2204 lerum,
439 2139 498 2190 tam
519 2129 604 2191 triste
624 2127 671 2189 bis
693 2127 793 2207 quinis
814 2129 912 2190 scelus

123 2212 203 2275 Mars
224 2213 296 2274 vidit
317 2211 426 2275 annisi
455 2214 525 2295 quid
549 2214 633 2295 prius
655 2213 788 2275 referens
812 2232 936 2293 gemam,

122 2305 232 2360 tuosne
253 2297 363 2379 potius,
386 2307 512 2361 antuus
535 2299 644 2375 luctus,
667 2296 766 2360 anus‘l

477 2416 627 2479 HECVBA

208 2502 418 2580 Quoscumque
439 2501 538 2564 luctus
559 2502 685 2578 fleveris,
710 2501 794 2564 flebis
816 2520 913 2566 meos:

123 2605 177 2648 sua
198 2605 347 2667 quemque
367 2595 495 2663 tantum,
515 2606 562 2649 me
585 2587 718 2648 omnium
740 2586 839 2649 clades
858 2587 984 2668 premit;

123 2670 195 2734 mibi
219 2681 324 2734 cuncta
346 2680 488 2752 pereunt:
519 2672 655 2751 quisquis
678 2681 723 2734 est
743 2671 881 2735 Hecubae
903 2682 948 2735 est
969 2675 1068 2736 miser.

123 2775 206 2819 nmr.
249 2757 373 2819 blactata
394 2757 475 2837 virgo
499 2765 552 2834 est,
575 2757 684 2819 missus
706 2776 723 2817 e
744 2757 838 2819 muris
860 2776 951 2838 puer;

26 2854 34 2864 '
123 2841 175 2904 sed
197 2852 322 2922 uterque
343 2843 435 2904 letum
457 2851 557 2904 mente
579 2860 724 2921 generosa
745 2841 822 2904 tulit.

405 2960 667 3024 luuuouacflu

209 3044 332 3124 Expone
354 3047 461 3108 seriem
484 3047 591 3122 caedis,
615 3056 645 3109 et
666 3045 775 3126 duplex
796 3045 879 3106 neias
1137 3056 1196 3109 1065

124 3146 318 3210 persequere:
342 3132 449 3210 gaudet
471 3149 596 3210 magnus
618 3150 775 3194 aerumnas
797 3130 882 3192 dolor

124 3223 248 3277 tractare
270 3223 356 3277 totas.
401 3218 454 3278 ede
476 3226 506 3279 et
527 3235 630 3280 enarra
653 3217 762 3279 omnia.

210 3349 275 3401 1040
299 3363 350 3398 om.
368 3352 396 3411 ς.
416 3375 447 3386 -
465 3353 565 3415 practer
582 3350 699 3401 meritum
717 3366 742 3402 v.
760 3349 786 3400 ld
877 3351 942 3402 1042
967 3348 1035 3402 huuc
1059 3356 1158 3403 coetum
1176 3356 1196 3418 ς

127 3418 190 3468 1044
200 3416 282 3481 ougo
295 3416 436 3483 adplicant
447 3417 483 3467 ud
493 3421 588 3482 priora
601 3421 820 3484 interpungenles
831 3423 893 3481 post
904 3421 1004 3470 nautae.
1027 3419 1196 3472 derideretur

125 3488 185 3535 anto
205 3498 230 3536 o.
248 3483 316 3537 1044
343 3485 396 3535 tale
417 3491 564 3536 sententiae
580 3486 805 3552 supplementum.-
824 3484 914 3551 [caede
931 3502 988 3537 cum
1007 3492 1101 3551 pontus
1119 3488 1196 3540 luerit

125 3549 217 3670 piatus]
282 3554 347 3604 1045
365 3568 424 3604 cum
441 3553 520 3606 semel
538 3555 570 3605 A.
588 3582 623 3593 -
640 3560 787 3619 postremo
805 3569 859 3605 rur.
877 3554 892 3606 1
911 3553 950 3604 lit.
970 3555 1020 3619 (sit
1040 3554 1061 3606 E
1130 3560 1195 3610 1046

136 3618 270 3686 ugieutque
288 3619 346 3671 uA
364 3624 464 3686 corr&
517 3624 580 3675 1051
600 3621 667 3674 iacet
683 3621 709 3672 Ε
762 3624 827 3675 1003
845 3620 973 3683 adfertur
989 3623 1088 3689 (Prot.)
1100 3623 1133 3676 de
1144 3625 1194 3680 ult.

124 3686 182 3753 epil.
192 3687 232 3740 IV
239 3705 266 3754 p.
276 3688 335 3755 246,
351 3690 385 3741 19
399 3687 430 3741 K.
446 3705 497 3756 quc
514 3690 632 3755 produci
647 3689 770 3741 ultimam
788 3692 861 3741 vocis
877 3689 929 3741 illic
947 3692 1133 3756 comprobetur
1149 3695 1196 3757 (‘et

104 3755 150 3808 'S.
166 3755 191 3807 iu
216 3754 318 3808 llscuba
342 3754 558 3826 hendecasyllabo
582 3757 711 3825 Sapphico
733 3773 823 3810 versut
847 3757 876 3811 11.
899 3786 922 3796 -
943 3758 1022 3823 alte).
1041 3789 1074 3797 —
1092 3759 1153 3813 illuc
1170 3761 1195 3811 ld

124 3822 184 3889 (illic
200 3824 279 3878 Prot.
288 3826 323 3889 A)
372 3828 437 3879 1050
454 3840 567 3877 scaenae
583 3828 742 3877 inscribitur
759 3825 869 3878 Nuntius
886 3825 990 3878 Hecuba
1006 3827 1193 3882 Andromacha.

124 3920 157 3930 -
172 3890 263 3958 (11ης
317 3896 381 3947 1050
400 3893 508 3960 quous
562 3896 626 3948 1062
645 3893 776 3946 hecnbell
837 3897 901 3948 1000
918 3908 1082 3964 prosequere,
1099 3897 1196 3964 gaudet

124 3959 219 4013 animus
238 3974 371 4014 aemmnas
388 3977 461 4015 meus
478 3962 504 4012 A
537 3966 644 4028 meas&
