2686 4482
484 782 486 786 ’
608 778 675 854 VI.

192 1100 547 1180 llehgamemnonis
569 1105 690 1161 auctore
711 1107 780 1180 post
800 1099 907 1162 multos
930 1107 959 1161 et
977 1101 1009 1162 in
1023 1101 1082 1161 hoo
1095 1109 1183 1178 poeta

108 1186 224 1267 pridem
244 1186 391 1266 legitimas
411 1185 543 1247 urorum
565 1185 720 1247 doctorum
742 1184 930 1247 ariolationes
956 1186 1070 1265 primus
1091 1184 1182 1249 Bent-

108 1271 183 1334 leius
198 1290 285 1351 grave
300 1277 508 1350 argumentum
520 1270 648 1367 protulit
657 1288 718 1348 quo
730 1270 794 1350 ipss
805 1271 981 1333 sententiam
993 1280 1067 1333 tuuc
1076 1264 1182 1350 pleris-

109 1375 167 1436 que
195 1364 382 1418 constantem
411 1355 515 1416 fulcire
544 1355 637 1434 magis
662 1373 751 1434 quem
774 1374 882 1417 norum
906 1356 941 1417 de
964 1356 1062 1419 sabula
1083 1357 1182 1453 philo·

109 1442 204 1521 sopho
221 1441 415 1502 mutuanda
430 1439 572 1505 iudicium
588 1441 763 1503 confirmare
778 1441 878 1504 voluit.
902 1441 980 1502 illius
995 1441 1182 1521 potissimum

107 1527 282 1589 anctoritate
304 1527 417 1588 lactum
435 1524 551 1586 uidetur
573 1534 606 1587 ut
627 1527 659 1586 in
680 1526 802 1588 eandem
826 1527 1002 1588 senteutiam
1024 1527 1182 1587 lliohterus

107 1612 290 1692 disputaret,
319 1610 465 1690 siquidem
488 1611 670 1688 argumentis
693 1630 754 1673 uon
778 1610 915 1691 gravibus
937 1630 1011 1672 usus
1032 1622 1095 1685 est3
1126 1629 1183 1672 nec

106 1698 200 1774 magis
222 1696 274 1757 ille
296 1713 384 1775 quom
407 1695 443 1756 de
464 1694 592 1757 Hercule
615 1696 651 1757 de
667 1699 887 1775 Agamemnone
908 1695 978 1756 viris
1001 1695 1094 1756 doctis
1113 1714 1182 1774 per-

108 1783 215 1854 suasit,
246 1781 298 1860 qui
321 1782 450 1843 Senecae
478 1799 542 1842 eam
570 1781 774 1843 vindicandam
799 1799 859 1842 uuo
883 1798 935 1841 ore
957 1798 1109 1841 censuere
1154 1789 1184 1842 at

108 1867 250 1947 quoniam
273 1866 311 1927 de
332 1866 388 1927 hac
406 1884 526 1945 qunque
541 1865 638 1927 lehula
654 1875 683 1927 et
698 1867 747 1928 ille
762 1875 792 1927 et
805 1865 921 1945 priores
936 1865 1052 1944 singula
1067 1872 1183 1927 tantum

3 1964 5 2041 l
109 1952 270 2015 desultoria
293 1969 383 2030 opera
406 1958 632 2029 congesserunt,
655 1971 716 2013 nou
740 1951 961 2012 detrectantium
984 1958 1030 2012 est
1052 1951 1182 2013 officium
1252 2018 1256 2023 ,

107 2055 315 2117 quaestumque
338 2044 441 2096 contin
462 2036 596 2097 traditam
621 2036 736 2098 lnhulae
758 2036 904 2114 originem
923 2036 1052 2115 proferri
1066 2037 1183 2115 possint

3 2114 4 2171 Ὗ
106 2128 246 2185 assumto
266 2120 461 2201 expendendi.
507 2121 631 2183 conlatis
653 2131 750 2182 autem
773 2139 848 2201 quae
871 2121 906 2182 ad
928 2121 1126 2182 elocutionem
1148 2139 1183 2183 ao

104 2207 223 2269 lohulae
245 2206 450 2267 oeconomiam
466 2213 602 2285 spectent
619 2225 668 2268 ree
682 2206 820 2268 metricas
834 2205 1039 2269 tractabimus:
1064 2201 1099 2268 de
1115 2205 1181 2285 qui-

105 2291 165 2354 hus
190 2290 335 2353 iudicium
362 2290 429 2351 tisri
455 2308 519 2352 uon
540 2292 651 2371 poterit
673 2291 731 2352 nisi
752 2291 975 2370 quaestionibus
997 2291 1034 2352 de
1056 2309 1182 2370 anapae-
1207 2350 1211 2357 .

105 2386 224 2441 ntorum
251 2375 467 2455 compositione
494 2376 580 2437 etde
603 2376 766 2438 carminum
790 2375 887 2438 mixtis
910 2378 1011 2438 metris
1033 2377 1181 2456 composi-

104 2471 205 2524 torum
227 2470 334 2523 natura
356 2467 440 2522 autea
467 2460 621 2540 expeditis.
1237 2524 1242 2534 ,

3 2588 5 2621 ,
192 2554 282 2626 atque
304 2564 381 2624 quae
402 2546 438 2607 ad
458 2546 617 2608 verborum
631 2545 743 2606 formas
757 2553 785 2607 et
799 2546 919 2607 modum
935 2544 1076 2624 loquendi
1095 2563 1181 2625 spec

3 2626 4 2657 ³
106 2640 170 2693 tant
185 2650 279 2712 pauca
295 2639 367 2693 suut
381 2639 419 2706 et,
441 2650 466 2692 sn
458 2631 650 2726 singillatim
667 2638 799 2727 exputes,
822 2631 925 2710 utique
939 2630 1022 2691 leuia
1051 2630 1182 2710 primum

3 2712 8 2751 Γ
107 2724 205 2778 autem
228 2736 262 2779 ea
285 2715 520 2796 perstringemus
542 2735 618 2795 quac
640 2714 747 2776 iniuria
769 2723 820 2777 eut
841 2715 905 2776 aliis
931 2717 1072 2777 momenti
1094 2715 1181 2794 quid·
1206 2792 1209 2795 ¹

106 2802 185 2882 piam
216 2801 325 2863 hahere
350 2801 411 2861 risa
439 2801 499 2862 siut
527 2808 577 2862 aut
603 2801 632 2861 iu
655 2802 790 2861 futurum
812 2799 903 2860 rideri
925 2799 1050 2878 possint.
1095 2799 1182 2878 quale

106 2893 153 2948 est
180 2885 383 2966 possessivum
410 2905 427 2947 a
449 2885 551 2965 Pelope
580 2885 741 2947 derivatum
767 2883 904 2964 Pelopiae
924 2901 984 2962 quo
1010 2884 1105 2944 utitur
1126 2883 1181 2962 hg.

108 2974 137 3047 7,
162 2974 224 3037 tus
250 2979 279 3033 et
304 2972 374 3044 194,
402 2970 472 3032 11ιιι
500 2970 597 3051 possis
624 2970 784 3032 novissimo
812 2969 878 3030 loeo
899 2968 966 3029 siue
988 2985 1182 3030 numerorum

107 3056 216 3118 dnnno
243 3056 372 3118 alterum
400 3055 550 3136 epitheton
585 3053 765 3117 substituere
798 3054 877 3134 quod
910 3065 1004 3115 metro
1036 3053 1183 3133 ssagimtur

106 3141 183 3203 11ιὰ.
208 3142 266 3206 891
252 3146 323 3204 1ιι
344 3141 417 3221 Thy.
441 3142 483 3203 22
504 3140 674 3223 (Pelopeus).
653 3140 801 3216 >sed
791 3158 823 3200 m
850 3139 950 3202 endem
971 3137 1098 3220 Thyeste
1124 3139 1181 3201 alio

106 3225 175 3287 loco
197 3227 285 3304 (641)
309 3223 442 3306 Pelopiae
463 3226 574 3288 dudum
590 3232 670 3287 recte
683 3225 802 3305 legitur.
832 3225 869 3286 ol.
885 3225 918 3285 B.
934 3224 1077 3286 Schmidt.
1094 3243 1124 3304 p.
1144 3228 1182 3289 14

107 3310 238 3372 Richter.
262 3330 291 3390 p.
310 3312 361 3374 28
398 3309 517 3372 Graecis
540 3311 688 3374 dundaxat
711 3318 740 3372 et
761 3303 934 3385 Πιλόπιος
950 3317 979 3372 ιι
992 3306 1183 3385 Πελόπιιος

108 3396 140 3457 1ιι
163 3414 226 3457 usu
244 3403 318 3471 erat,
340 3403 373 3456 ut
391 3393 577 3471 Κωνωπιος
594 3391 807 3473 moldonea,
832 3390 1030 3468 Κυκλώπιις
1047 3389 1183 3456 Κικλώ-

107 3502 206 3556 aanor
227 3481 284 3543 alia
306 3481 342 3542 de
361 3481 470 3560 quihus
485 3482 602 3545 locutus
618 3490 668 3543 est
676 3480 826 3542 Bentleius
840 3481 876 3542 ad
892 3480 962 3541 lior.
980 3479 1065 3574 epod
1084 3480 1115 3555 9,
1133 3480 1181 3542 to.

105 3565 272 3628 breviorem
293 3574 392 3627 autem
414 3565 538 3628 formam
557 3567 669 3629 Seneca
687 3566 773 3628 etiam
789 3566 819 3627 in
837 3565 964 3627 llereule
978 3564 1080 3643 priore
1093 3582 1183 3626 usur·

107 3652 201 3730 pavit·
231 3670 258 3712 ι.
281 3652 342 3714 997
372 3650 516 3732 Cyclopia.

194 3754 220 3795 ι.
240 3737 299 3799 130
321 3754 382 3796 ooo
403 3741 464 3817 quit
485 3756 541 3816 pro
562 3740 661 3817 nequo
682 3736 792 3815 legitur
814 3735 893 3816 quod
916 3741 1067 3815 praeterea
1089 3733 1120 3796 in
1135 3733 1183 3796 his

105 3819 267 3900 tragoediis
289 3838 351 3881 non
375 3819 533 3884 iuvenitur.
571 3821 622 3881 sed
646 3822 776 3883 eiusdem
799 3819 879 3881 verbi
902 3820 995 3880 lorma
1018 3818 1049 3881 in
1073 3820 1184 3882 eisdem

104 3903 266 3984 singularis
282 3911 360 3968 extat
373 3904 485 3971 Phoen.
501 3908 564 3971 226
585 3910 698 3969 utinam
713 3906 824 3988 quidem
838 3906 995 3969 rescindere
1008 3903 1059 3968 los
1073 3910 1183 3986 quirem

104 3993 180 4053 eine.
226 3990 264 4052 cl.
287 3991 359 4052 Stat.
383 3990 445 4053 silv.
469 3991 503 4069 V,
526 3996 556 4070 3,
578 3994 629 4055 60.
