2776 4476
166 232 232 294 lllll

167 403 337 466 tribuerim:
368 424 546 486 quamquam
577 402 777 467 confitendum
806 412 851 467 est
878 406 910 467 in
938 404 1070 486 antiquis
1098 406 1238 488 catalogis

166 488 360 553 bibliothecae
382 490 539 553 bobiensis
560 491 618 551 hoc
640 488 781 551 uolumen
804 509 866 553 non
888 492 1121 554 commemorari.
1166 492 1237 554 Sae-

166 573 234 635 culo
264 575 378 637 decimo
408 583 514 637 octauo
543 575 625 637 hunc
653 575 784 637 codicem
807 582 837 637 et
858 575 890 638 in
913 575 1090 639 bibliotheca
1111 576 1237 639 Ambro-

166 658 248 721 siana
262 660 355 722 foisse
371 668 399 723 et
421 661 452 722 in
475 660 560 723 initio
582 678 644 722 non
667 678 753 723 secus
768 667 856 741 atque
871 661 902 723 in
918 662 977 723 fine
991 662 1129 724 mutilum
1145 662 1238 725 foisse

166 753 291 808 constat.
334 745 432 819 Folia,
459 764 534 825 quae
556 745 641 807 initio
665 745 754 806 huius
776 746 887 807 saeculi
909 754 1025 814 seruata
1046 747 1178 823 inuenit,
1201 766 1238 810 ex

165 837 266 892 uetere
282 849 422 913 compage
437 831 532 893 soluta
546 830 680 892 numeris
694 831 734 893 ita
749 830 882 895 distinxit
896 833 1028 912 Angelus
1043 832 1111 910 llai,
1126 843 1160 897 ut
1174 832 1238 894 sin-

166 915 249 994 gulas
271 917 394 997 paginas
417 924 595 978 numeraret.
957 973 961 979 .
1221 979 1225 984 .

238 999 363 1064 .Paucas
385 1001 528 1063 lectiones
550 1021 586 1063 ex
608 1000 650 1062 eis
672 1000 761 1078 foliis,
783 1018 859 1080 quae
874 1000 1005 1064 Senecae
1020 1001 1237 1081 tragoediarum

163 1085 328 1165 fragmenta
361 1087 532 1162 continent,
574 1085 725 1148 festinanti
758 1086 870 1148 calamo
903 1087 1037 1148 enotauit
1067 1086 1237 1149 Fridericus

163 1169 278 1233 llitschl
299 1179 329 1232 et
350 1171 462 1251 publici
485 1170 559 1233 iuris
580 1170 650 1232 fecit
672 1170 702 1232 in
725 1169 876 1250 Parergon
899 1170 988 1233 uoll
1010 1190 1078 1252 pag.
1094 1172 1156 1238 305
1172 1190 1236 1251 seq.

163 1253 221 1326 Qui
243 1256 269 1317 si
289 1257 410 1336 longius
432 1256 574 1337 temporis
596 1256 723 1336 spatium
752 1256 786 1321 in
812 1255 939 1318 lectione
961 1256 1141 1336 perficienda
1163 1275 1237 1318 con-

163 1341 354 1421 sumpsisset,
382 1349 412 1403 et
442 1341 527 1422 plura
555 1341 676 1421 legisset
705 1350 734 1404 et
762 1341 897 1403 rectiora,
940 1341 1042 1423 ltaque
1063 1342 1237 1422 imperfecta

162 1425 314 1489 Ritschelii
341 1426 469 1488 lectione
498 1427 565 1488 freti
587 1425 734 1491 liudolfus
755 1426 862 1507 Peiper
892 1433 921 1488 et
943 1425 1093 1490 Gustaous
1114 1426 1237 1490 Richter

164 1529 265 1574 ueram
289 1512 325 1574 de
348 1511 458 1573 codicis
481 1511 617 1592 rescripti
640 1514 741 1593 (quem
766 1510 792 1572 ll
813 1511 1039 1592 appellabimus)
1062 1512 1236 1574 auctoritate

163 1606 193 1658 et
214 1598 250 1660 de
271 1597 397 1675 ratione,
419 1616 495 1677 quae
516 1597 594 1659 inter
617 1595 643 1657 ll
666 1605 695 1659 et
716 1604 832 1658 ceteros
851 1596 982 1659 Senecae
1004 1596 1121 1660 codices
1142 1597 1237 1659 inter·

162 1683 249 1758 cedit,
272 1682 443 1763 opinionem
467 1701 528 1744 non
556 1690 695 1761 poterant
721 1682 879 1762 concipere
900 1682 932 1743 in
956 1681 1084 1744 editione
1105 1682 1237 1744 Senecae

162 1767 379 1847 tragoediarum
401 1786 428 1829 a.
446 1768 526 1832 1887
551 1775 667 1829 curata:
692 1768 771 1829 conf.
794 1766 931 1846 inprimis
952 1768 1046 1847 praef.
1068 1786 1135 1848 pag.
1155 1786 1240 1833 mu

162 1872 236 1933 seq,
259 1853 311 1915 uhi
332 1852 549 1916 Ritsehelianae
572 1851 737 1913 collationis
766 1851 884 1914 silentio
912 1850 943 1912 in
966 1870 1099 1915 errorem
1121 1852 1236 1914 inducti

162 1946 224 2000 arte
247 1939 406 2001 cohaerere
429 1937 455 1999 ll
478 1957 546 2000 eum
569 1936 720 1999 codicibus
743 1937 928 2016 interpolatis
950 1936 998 2013 (A)
1020 1937 1132 2018 opinati
1154 1947 1236 2000 sunt.

161 2022 346 2103 Vbicumque
368 2041 467 2085 meum
489 2023 693 2102 apographum
715 2021 898 2086 aRitschehi
921 2022 1091 2084 testimonio
1113 2022 1235 2098 recedit,

160 2107 192 2169 in
215 2127 247 2169 re
269 2108 418 2188 praesenti
433 2109 508 2170 scito
523 2126 571 2169 me
585 2107 658 2169 mihi
674 2108 866 2188 persuasisse,
887 2107 1116 2169 Ritscheliauam
1130 2107 1236 2171 lectio-

162 2211 229 2255 nem
253 2211 320 2254 cum
342 2192 452 2254 codicis
475 2193 613 2254 ductibus
635 2193 800 2255 consociari
823 2211 885 2254 uon
907 2210 1006 2272 posse.

224 2276 379 2341 Pertinent
393 2284 490 2339 autem
506 2279 541 2339 ad
558 2278 688 2340 Senecae
706 2278 870 2358 tragoedias
885 2277 957 2339 haec
972 2277 1105 2359 quinque
1118 2276 1233 2353 folia¹):

169 2383 172 2391 ·
248 2367 276 2426 1.
293 2364 324 2437 2)
340 2362 465 2443 paginae
479 2361 616 2442 etalem
631 2381 700 2424 cum
715 2362 831 2443 paginis
842 2363 991 2439 4711472,
1006 2380 1074 2424 eum
1089 2381 1149 2442 quo
1162 2360 1235 2424 folio

161 2447 247 2510 etiam
270 2465 353 2510 nunc
375 2447 551 2524 cohaerent,
575 2447 740 2511 efficiebant
768 2447 838 2509 olim
861 2447 999 2543 intimum
1026 2446 1157 2509 fasciculi
1178 2446 1234 2507 ali-

161 2533 247 2595 cuius
269 2530 521 2614 (quaternionisf)
544 2551 598 2613 par
620 2533 758 2595 foliorum
765 2552 774 2609 ;
798 2540 954 2595 comment
969 2532 1100 2594 Senecae
1114 2531 1236 2595 Medeae

160 2635 267 2680 uersus
298 2619 484 2693 tad-mm
517 2618 548 2680 in
575 2618 677 2680 codice
703 2637 787 2680 sacro
816 2618 889 2679 haec
920 2617 980 2678 duo
1013 2618 1082 2678 folia
1111 2617 1233 2679 inuerso

160 2705 264 2765 ordine
286 2702 413 2765 adhibita
436 2721 501 2765 esse
518 2711 656 2785 apparet;
678 2703 862 2784 aliquantum
877 2702 1028 2765 desectum
1043 2709 1088 2764 est
1103 2702 1141 2764 de
1156 2720 1234 2763 mar-

160 2789 229 2867 gine
251 2788 416 2870 superiore.

79 2917 83 2923 -
243 2875 274 2950 3)
298 2873 424 2954 paginae
438 2875 576 2951 atelano
591 2872 695 2935 folium
710 2873 860 2952 singulare
883 2871 1024 2946 efficiunt,
1047 2871 1132 2934 cuius
1154 2889 1234 2933 mar-

74 2986 76 2990 ’
160 2959 259 3037 ginem
287 2959 459 3020 interiorem
489 2978 525 3020 ex
552 2969 634 3038 parte
662 2958 790 3020 resecuit
821 2959 863 3032 is,
897 2957 948 3038 qui
977 2957 1095 3018 saeculo
1125 2963 1232 3017 octauo

161 3061 278 3105 sacrum
300 3042 442 3105 uolumen
465 3043 631 3123 suppleuit;
654 3043 788 3105 continet
800 3043 858 3104 hoc
873 3043 977 3104 folium
992 3041 1110 3103 Medeae
1126 3059 1233 3102 uersus

160 3129 340 3191 694-744.
369 3128 451 3190 luter
471 3128 608 3208 paginam
630 3129 691 3191 472
716 3135 745 3188 et
765 3127 903 3207 paginam
918 3130 980 3191 449
1003 3125 1141 3188 undecim
1162 3125 1233 3187 folia

160 3213 299 3275 uidentur
321 3212 446 3293 periisse
453 3232 462 3288 ;
493 3212 673 3274 accuratiora
695 3221 793 3274 autem
816 3213 851 3274 de
874 3230 907 3275 ea
928 3231 961 3273 re
983 3211 1049 3274 ideo
1065 3211 1153 3273 statui
1169 3229 1231 3272 non

159 3306 296 3380 possunt,
327 3297 406 3377 quia,
429 3316 496 3359 cum
523 3297 646 3378 paginae
667 3296 828 3378 pleraeque
850 3297 974 3360 uicenos
997 3296 1233 3377 complectantur

151 3401 278 3459 uersus,
300 3383 425 3463 paginae
448 3384 585 3457 449l450
608 3381 812 3444 undeuicenos
834 3383 1000 3444 continent.

245 3470 274 3531 4.
299 3470 330 3544 5)
359 3468 483 3548 paginae
505 3469 642 3551 tussam
664 3486 732 3529 cum
761 3468 877 3547 paginis
899 3466 1052 3543 385)386‚
1080 3482 1231 3545 cumque

159 3554 231 3618 folio
255 3554 341 3616 etiam
364 3572 446 3616 nuuc
461 3555 630 3628 cohaerent,
653 3553 820 3615 efficiebant
841 3552 911 3615 olim
933 3552 1102 3632 proximum
1119 3550 1161 3611 ab
1183 3550 1231 3611 in·

64 3708 69 3713 g
159 3640 231 3701 timo
254 3639 386 3702 fasciculi
406 3638 534 3701 alicuius
555 3657 609 3719 par
631 3638 780 3701 foliorum.
812 3656 889 3719 ¹ergo
911 3655 1005 3700 unum
1019 3654 1074 3716 par
1091 3635 1231 3698 foliorum
1332 3648 1336 3655 ’

159 3724 237 3786 inter
257 3726 394 3804 paginam
416 3726 478 3788 376
501 3734 530 3786 et
550 3724 688 3805 paginam
710 3725 771 3787 385
793 3724 882 3803 periit
889 3742 898 3799 ;
922 3723 1077 3784 continent
1099 3721 1231 3784 Senecae

159 3808 320 3889 Oedipodis
341 3827 447 3872 uersus
471 3810 638 3873 335-432
662 3821 691 3872 et
713 3809 892 3873 508-545.

230 3991 249 4053 ¹)
267 3992 337 4042 conf.
356 3990 432 4041 etiam
450 3991 549 4058 Peiperi
567 3996 594 4043 et
610 3992 721 4044 Richteri
739 3991 890 4060 praefation.
908 4006 967 4059 pag.
984 3989 1063 4042 lllllll
1080 4004 1154 4056 seqq.
