2790 4494
577 282 606 324 1..
628 280 734 323 ANNth
755 281 883 324 SENECAE

513 398 750 493 rnnrnxnrvs

281 550 306 612 0
329 550 418 630 longa
439 550 547 612 Danais
569 568 687 630 semper
708 550 740 610 in
763 560 852 630 portu
875 567 967 624 mora,
1132 620 1136 625 Ι

195 654 248 699 seu
271 645 373 716 petere
394 634 516 711 hellum,
538 643 641 715 petere
663 653 716 696 seu
738 633 862 714 patriam
884 635 998 697 volunt.
1225 646 1271 697 ton

169 713 207 794 Γ
194 738 279 783 cnon.
323 719 405 792 Quae
427 737 514 782 causa
536 719 649 781 ratibus
671 718 758 780 iaciat
780 729 810 780 et
830 718 938 782 Danais
959 739 1083 795 moram,

194 806 294 881 ellare,
316 805 441 867 reduces
462 805 530 884 quis
553 804 626 866 deus
648 803 765 866 claudat
788 803 859 866 vias.

193 909 259 955 rm.
302 889 392 952 Pavet
411 889 539 964 animus,
562 898 644 950 artus
664 889 805 950 horridus
827 898 946 968 quassat
965 900 1086 953 memor.

192 974 303 1037 maiora
325 974 402 1036 veris
423 966 625 1051 monstra(vix
647 974 768 1054 capiunt
789 967 941 1065 fidem)‹⁴÷

193 1059 251 1121 vidi
273 1060 348 1140 ipse,
370 1059 438 1120 vidi.
482 1077 596 1120 summa
618 1057 676 1119 iam
698 1057 785 1120 Titan
808 1060 877 1140 iuga

194 1142 358 1223 stringebat
378 1153 456 1221 ortu,
479 1144 588 1206 vicerat
609 1154 728 1205 noctem
751 1144 823 1219 dies,

193 1247 263 1291 carm
286 1227 385 1290 subito
408 1247 496 1290 caeco
518 1238 596 1290 terra
617 1229 733 1308 mugitu
757 1229 887 1291 tremens

195 1331 340 1379 concussa
362 1322 442 1374 totos
465 1314 552 1375 traxit
573 1332 610 1374 ex
631 1312 691 1375 imo
717 1313 817 1388 sinus;

193 1416 312 1460 movere
333 1397 422 1460 silvae
444 1397 540 1479 capita
561 1408 590 1460 et
612 1398 761 1460 excelsum
784 1418 889 1461 nemus

194 1486 312 1562 fragore
333 1492 414 1544 vasto
435 1483 533 1544 tonuit
554 1495 584 1545 et
604 1483 691 1544 lucus
716 1502 816 1556 sacer;

193 1569 278 1631 ldaea
301 1569 398 1648 ruptis
420 1586 488 1629 saxa
510 1568 684 1631 cecidemnt
706 1567 793 1648 iugis.

194 1672 251 1716 neo
272 1663 351 1715 terra
372 1653 470 1714 solum
491 1653 627 1715 tremuit:
657 1664 688 1716 et
707 1664 820 1733 pontus
843 1671 931 1715 suum

193 1739 299 1800 adesse
321 1737 455 1800 Achillen
478 1739 572 1799 sensit
593 1757 627 1799 ac
649 1738 750 1800 stravit
771 1738 852 1799 vada.

193 1832 258 1885 tum
280 1822 371 1884 scissa
393 1822 475 1884 vallis
496 1822 591 1903 aperit
613 1824 775 1885 immensos
796 1842 905 1904 specus

195 1919 225 1971 et
246 1907 344 1969 hiatus
366 1907 455 1969 Erebi
478 1908 611 1988 pervium
634 1907 669 1969 ad
692 1926 818 1988 superos
840 1908 897 1969 iter

195 1992 302 2054 tellure
322 1992 413 2054 fracta
436 1991 558 2074 praehet
579 2011 613 2054 ac
636 1993 782 2054 tumulum
804 1979 905 2073 levat]

195 2077 317 2139 emicuit
337 2076 445 2156 ingens
467 2077 571 2139 umbra
593 2077 755 2140 Thessalici
776 2078 871 2154 ducis,

193 2162 330 2227 Threicia
353 2161 448 2242 qualis
469 2180 550 2224 arma
571 2162 734 2243 proludens
759 2163 819 2224 tuis

194 2246 263 2324 iam,
285 2246 384 2322 Troia,
406 2247 475 2308 tatis
496 2248 597 2308 stravit
619 2257 669 2309 aut
689 2246 873 2327 Neptunium

195 2350 268 2393 cana
290 2332 435 2392 nitentem
457 2331 584 2411 perculit
605 2331 742 2393 iuvenem
768 2350 861 2406 coma,

194 2427 246 2478 aut
267 2434 335 2477 cum
357 2415 437 2477 inter
457 2417 535 2477 acies
556 2416 649 2478 Marte
672 2415 800 2477 violento
822 2417 927 2480 furens

195 2500 372 2581 corporibus
394 2519 496 2562 amnes
518 2500 606 2563 clusit
629 2512 658 2564 et
680 2520 826 2581 quaerens
847 2503 904 2564 iter

194 2586 296 2648 tardus
319 2595 444 2647 cruento
466 2585 601 2651 Xanthus
625 2586 731 2648 erravit
753 2587 835 2663 vado,

194 2681 245 2733 aut
266 2688 334 2733 cum
356 2670 485 2751 superbo
508 2671 602 2732 victor
624 2670 655 2734 in
678 2690 768 2734 curru
791 2673 872 2733 stetit

194 2756 314 2835 egitque
336 2755 466 2817 habenas
487 2754 646 2818 Hectorem
669 2767 698 2818 et
719 2756 838 2819 Troiam
860 2757 988 2821 trahens.

194 2840 326 2922 implevit
347 2859 435 2903 omne
457 2841 528 2902 litus
549 2841 617 2904 irati
638 2861 747 2904 sonus:

194 2926 255 2999 ite,
277 2926 317 2988 ite
339 2927 461 3001 inertes,
483 2926 619 2988 manibus
640 2928 715 2989 meis
737 2926 852 2988 debitos

194 3011 308 3074 auferte
329 3012 469 3086 honores,
492 3011 595 3073 solvite
617 3011 746 3091 ingratas
768 3021 846 3073 rates

193 3114 249 3176 per
270 3106 372 3157 nostra
393 3095 464 3157 ituri
486 3097 576 3157 maria
598 3130 641 3141 -
662 3116 725 3161 non
748 3115 837 3175 parvo
862 3095 919 3161 luit

194 3180 253 3241 iras
275 3179 397 3241 Achillis
420 3180 540 3242 Graecia
563 3192 592 3243 et
613 3199 721 3260 magno
743 3180 814 3243 luet.

194 3265 340 3344 desponsa
362 3265 473 3326 nostris
495 3265 646 3328 cineribus
667 3265 816 3344 Polyxene
1225 3276 1268 3326 195

193 3349 300 3429 Pyrrhi
321 3367 412 3411 manu
435 3359 578 3413 mactetur
600 3361 629 3412 et
650 3351 797 3412 tumulum
822 3349 917 3430 riget!

280 3532 852 3603 reomaeinroedptoms'lelthyhiusChorus
906 3536 954 3586 191
964 3548 1041 3601 quam
1052 3534 1166 3601 longaA
1219 3536 1266 3586 167

195 3601 271 3654 effare
289 3601 368 3655 edoce
386 3600 442 3667 quis
460 3600 485 3651 ld
539 3604 586 3655 179
604 3602 632 3654 G.
651 3608 788 3668 (numerus
802 3602 933 3655 Gronooit
946 3619 1038 3654 errore
1050 3603 1141 3665 notus)
1158 3608 1230 3654 ortus
1242 3602 1267 3652 A

198 3672 245 3724 172
263 3684 354 3722 caecos
371 3676 402 3721 tr.
421 3685 444 3720 e.
461 3669 478 3720 i.
497 3684 575 3722 sonos
592 3672 617 3722 A
692 3675 739 3725 176
764 3687 811 3723 nec
828 3670 883 3723 sola
901 3670 978 3723 tellus
996 3671 1100 3723 tremuit
1117 3670 1142 3720 A
1219 3670 1267 3722 178

194 3745 256 3791 tunc
274 3738 354 3790 scissa
371 3735 448 3789 tellus
466 3739 491 3788 A
562 3740 609 3791 182
628 3739 781 3807 praeludens
799 3740 824 3789 A
894 3741 943 3792 184
961 3753 1042 3790 cana:
1061 3753 1090 3791 ca
1107 3737 1125 3790 2
1141 3753 1175 3789 m.
1194 3753 1266 3789 corr.

194 3823 229 3857 ese
246 3821 276 3858 ce
293 3805 319 3857 Ε
389 3808 435 3857 187
455 3812 560 3858 cruento
577 3807 700 3859 xanthus:
719 3824 734 3859 o
751 3806 811 3858 2m.
830 3822 865 3856 ece
880 3821 907 3870 n,
924 3822 941 3857 x
958 3806 1144 3872 trantfutrse
1161 3805 1268 3856 videtete
1375 3806 1376 3809 ’

193 3879 314 3924 cruentus
335 3871 438 3939 anthus)
456 3873 481 3924 Ε
570 3878 615 3928 191
640 3874 675 3926 ite
696 3873 877 3926 1191ιεὶ19.-
899 3874 999 3927 debitos
1021 3875 1139 3927 monibus
1162 3874 1226 3926 meis
1242 3872 1270 3926 A
1375 3884 1376 3899 ¹

192 3938 396 4068 ppt3pt7ler9tp2d
467 3944 514 3994 193
537 3941 592 3993 luet
608 3945 633 3992 A
707 3946 753 3996 194
775 3949 802 3994 at
819 3957 913 4010 magno
931 3944 956 3994 A
1027 3946 1075 3997 195
1093 3942 1225 4012 Polyxena
1242 3940 1268 3993 Ε
