2720 4488
606 264 703 305 nsunt

118 429 247 473 armasse
271 419 362 472 natas.
408 430 517 492 quaere
539 414 706 489 materiam,
730 415 828 475 dolor:

84 523 86 529 ·
117 499 154 558 ad
177 515 266 558 omne
288 497 402 559 lacinus
425 516 486 559 uon
510 499 613 560 rudem
636 500 900 581 dextram'alleres.

204 581 269 653 Quo
293 591 322 643 te
344 582 443 661 igitur,
466 582 526 658 ira,
550 584 656 658 mittis,
679 593 730 645 aut
753 603 827 664 quae
850 585 963 665 perfido
1030 592 1037 599 ’

119 667 248 728 intendis
271 667 349 728 hosti
372 665 450 729 tela?
474 668 575 729 nescio
597 669 668 747 quid
690 670 772 729 lerox

118 752 248 814 decrerit
267 752 384 813 animus
406 753 486 814 intus
509 761 537 814 et
560 756 692 815 nondum
716 754 772 814 sibi

119 837 208 900 audet
229 837 323 897 lateri.
367 837 632 917 stultaproperari
656 839 761 900 nimis:

120 942 155 985 ex
178 921 290 1000 paelice
313 922 424 983 utinam
447 922 558 984 liberos
580 923 673 984 hostis
695 943 779 985 meus

118 1007 235 1086 aliquos
256 1006 377 1069 haberet
393 1042 441 1085 ,.···
463 1008 607 1088 quidquid
630 1027 666 1070 ex
687 1008 738 1069 illo
759 1018 844 1070 tuum
867 1017 920 1083 est,

120 1090 229 1153 Creusa
251 1094 376 1171 peperit.
419 1093 531 1171 placuit
553 1095 610 1154 hoc
632 1111 745 1172 poenae
768 1111 872 1171 genus,

118 1178 285 1256 meritoque
308 1177 432 1256 placuit:
456 1177 609 1253 ultimum,
633 1196 775 1257 agnosco,
799 1177 897 1238 scelus

118 1261 218 1322 animo
240 1262 404 1341 parandum
427 1273 472 1323 est
494 1297 535 1307 -
558 1262 642 1324 liberi
665 1263 813 1341 quondam
836 1263 904 1337 mei,

119 1365 172 1408 vos
194 1365 250 1428 pro
274 1346 406 1426 paternis
428 1347 589 1409 sceleribus
612 1365 724 1427 poenas
747 1348 820 1407 date.

207 1429 265 1491 Cor
286 1432 401 1510 pepulit
423 1433 540 1508 horror,
562 1431 693 1493 membra
715 1440 890 1511 torpescunt
912 1433 980 1510 gelu

122 1524 285 1597 pectusque
307 1517 437 1580 tremuit.
482 1518 524 1578 ira
547 1517 680 1578 discessit
702 1516 768 1578 loco

14 1634 18 1639 ·
68 1626 81 1659 .·
95 1611 273 1680 smaterque
295 1609 354 1662 tota
378 1602 505 1681 coniuge
528 1602 648 1681 expulsa
671 1601 756 1662 redit.

17 1678 216 1767 *affegone
238 1696 272 1749 ut
293 1705 428 1748 meorum
449 1688 575 1749 liberum
598 1705 633 1748 ac
656 1686 747 1763 prolis
769 1704 850 1748 meae

79 1758 83 1795 ¹
120 1772 243 1833 lundam
265 1769 425 1834 eruorem?
468 1773 585 1848 melius
608 1792 633 1848 a,
658 1772 778 1833 demens
801 1773 899 1832 lurorl

121 1857 307 1937 incognitum
329 1857 408 1918 istud
431 1858 546 1919 lacinus
568 1876 602 1918 ao
625 1858 722 1918 dirum
745 1858 828 1918 nelas

121 1961 205 2003 ame
229 1960 348 2022 quoque
370 1942 460 2016 absit;
484 1943 564 2022 quod
586 1943 683 2004 scelus
706 1942 805 2002 miseri
828 1939 936 2003 luent?

121 2028 219 2089 scelus
242 2036 286 2087 est
308 2026 395 2089 lason
418 2028 536 2105 genitor
558 2037 586 2090 et
607 2027 702 2088 maius
725 2026 823 2087 scelus

121 2106 222 2174 Medea
244 2121 337 2172 mater
359 2144 400 2155 —
423 2112 567 2189 occidant,
591 2130 652 2172 non
675 2120 745 2172 sunt
767 2111 842 2186 mei;

122 2205 254 2277 pereant,
276 2197 336 2258 mei
358 2205 437 2258 sunt.
483 2198 606 2258 crimine
629 2206 658 2257 et
680 2197 767 2275 culpa
789 2205 901 2270 carent,

123 2293 194 2344 sunt
215 2284 407 2344 innoeentes:
430 2283 534 2356 fateor,
557 2290 586 2342 et
608 2283 697 2342 lrater
719 2282 784 2342 luit.

121 2368 203 2446 quid,
226 2367 332 2442 anime,
355 2365 488 2428 titubas?
510 2385 561 2428 ora
577 2366 655 2446 ‘quid
677 2365 814 2427 lacrimae
837 2367 934 2445 rigant

122 2453 288 2531 variamque
312 2471 393 2512 nunc
415 2453 474 2512 huc
497 2451 548 2525 ira,
573 2470 655 2512 nuuc
676 2451 746 2512 illuc
769 2469 852 2525 amor
891 2516 910 2535 y,

122 2534 254 2613 diducit?
277 2555 387 2615 anceps
409 2540 519 2611 aestus,
530 2538 673 2598 incertam
694 2537 787 2615 rapit;
824 2523 949 2595 dimus
1056 2587 1059 2592 .

121 2630 156 2683 ut
176 2640 259 2682 saeva
281 2621 375 2701 rapidi
398 2621 472 2682 bella
495 2618 562 2682 c'um
584 2621 662 2682 renti
685 2629 793 2698 gerunt

122 2707 272 2786 utrimque
292 2707 401 2769 fluctus
422 2707 513 2768 maria
536 2706 687 2783 discordes
709 2714 802 2782 agunt

121 2792 305 2871 dubiumque
326 2793 419 2853 fervet
440 2792 573 2872 pelagus,
595 2793 666 2852 haut
688 2790 772 2850 aliter
794 2808 893 2851 meum

120 2896 173 2939 cor
193 2878 363 2938 fluctuatur.
408 2877 450 2939 ira
472 2878 611 2957 pietatem
633 2878 715 2954 lugat

121 2963 255 3041 iramque
278 2961 435 3042 pietas-
458 2961 528 3022 cede
551 2961 664 3041 pietati,
687 2961 781 3020 dolor.

206 3047 282 3122 lluc,
305 3065 371 3107 cara
394 3046 504 3125 proles,
527 3045 649 3107 unicum
672 3044 796 3105 afflictae
819 3042 924 3130 domus

121 3131 264 3207 solamen,
286 3131 346 3192 huc
367 3149 419 3192 vos
441 3132 515 3191 lerte
537 3140 566 3192 et
588 3130 703 3192 inlusos
725 3129 797 3190 milri
874 3132 886 3165 ί

121 3216 297 3296 coniungite
319 3224 410 3278 artus.
455 3216 560 3277 habeat
582 3216 746 3277 incolumes
769 3203 885 3292 pater‚‘

122 3302 191 3362 dum
214 3311 243 3363 et
265 3309 358 3362 mater
378 3301 484 3362 habeat
504 3335 548 3345 —
570 3310 679 3379 urguet
701 3299 821 3361 exilium
843 3315 877 3358 ac
899 3296 977 3375 luga.

121 3385 258 3466 iamiam
281 3404 347 3446 meo
371 3387 524 3464 rapientur
545 3386 637 3447 avulsi
660 3404 676 3446 e
699 3386 777 3460 sinu,

121 3471 237 3549 flentes,
260 3480 411 3550 gementes
434 3471 543 3532 osculis
564 3504 606 3514 -
629 3480 752 3549 pereant
774 3469 859 3547 patri,

124 3554 239 3634 periere
260 3556 356 3616 matri:
401 3556 505 3617 rursus
527 3556 668 3618 increscit
689 3554 774 3614 dolor

209 3792 258 3841 915
278 3790 421 3842 afferensA
490 3794 540 3843 922
557 3789 692 3858 pepiritll
761 3791 812 3841 923
826 3788 872 3840 ult.
889 3801 982 3854 magno
1000 3801 1036 3838 sc.
1054 3785 1079 3835 Α
1147 3786 1199 3836 924

121 3857 305 3924 parendumld
372 3863 423 3912 939
441 3874 455 3910 a
474 3859 561 3912 orell
630 3860 679 3911 938
698 3857 747 3908 huc
765 3855 1024 3924 rup.vers.1m.ll
1093 3851 1199 3905 easde-

122 3925 191 3976 ducit
208 3926 233 3976 Ε
294 3929 344 3979 942
361 3928 469 3994 pelagus
486 3928 605 3980 lervetA
664 3928 715 3978 949
734 3925 858 3978 evulsiA
914 3926 977 3993 ι959
996 3922 1077 3983 oculis
1094 3928 1200 3989 pereant

122 3994 202 4060 patris
220 3997 239 4059 ς
308 3997 357 4047 951
377 3997 475 4063 pariere
493 3996 526 4049 Ε.
551 4024 584 4034 -
608 3993 781 4046 incresscitll

70 4140 72 4143 Ι
174 4088 272 4129 Senecae
284 4088 409 4139 tragoediae
422 4088 451 4129 11.
871 4060 873 4065 Ι
979 4079 994 4127 9
