2790 4494
619 262 793 306 Pnunbtsstn

168 410 242 489 quin
264 410 329 489 ipse
350 411 448 472 srater¹
462 430 540 475 arma
564 414 719 475 comitatus
741 424 792 477 tua

167 495 221 557 tibi
243 495 389 557 militabit.
420 498 504 559 rade
527 506 556 559 et
578 499 607 559 id
629 497 740 560 bellum
766 514 837 577 gere

168 581 199 640 in
222 598 282 659 que
305 588 390 660 pater
412 589 565 662 materque
586 585 764 663 pugnantit
708 584 805 646 trtibi

166 665 265 726 lavere
287 666 412 745 possint
458 685 548 745 regna
570 687 639 729 cum
660 669 774 731 scelere
795 668 933 732 omnibus

168 757 239 812 sunt
226 751 344 812 texilis
366 752 508 837 gravipra.
553 772 635 814 nunc
657 753 727 816 belli
749 754 823 815 mala

168 854 314 915 propone,
338 836 441 897 dubias
455 826 565 899 Martis
588 838 694 900 incerti
714 838 808 900 vices:

168 920 237 981 licet
259 939 347 983 omne
368 930 466 983 tecum
489 922 626 984 Graeciae
650 923 742 984 robur
763 924 870 997 trahas

168 1005 237 1067 licet
260 1024 339 1067 arma
360 1005 451 1086 longe
473 1007 558 1069 miles
579 1027 614 1069 ac
635 1008 692 1069 late
715 1009 849 1088 explicet,

169 1091 289 1152 fortuna
309 1090 379 1152 belli
401 1111 520 1173 semper
542 1093 662 1173 ancipiti
684 1094 716 1154 in
738 1094 804 1155 lnco
827 1100 881 1154 est.
962 1091 967 1101 '

156 1176 377 1256 ·qu0dcumque
399 1177 478 1238 lllars
500 1177 649 1241 decernit:
674 1188 815 1259 exaequat
837 1179 923 1251 dnos,

168 1259 237 1322 licet
258 1261 386 1340 impares
408 1263 478 1337 sint,
501 1262 631 1342 gladius3
655 1273 684 1326 et
706 1282 774 1344 spes
797 1271 827 1326 et
846 1273 943 1324 metus

168 1345 243 1405 Fors
265 1364 350 1407 caeca
371 1356 475 1408 versat.
518 1349 682 1427 praemium
705 1349 853 1410 incertum
874 1348 960 1429 petie,

169 1438 284 1492 certum
306 1431 412 1495 scelus
455 1432 562 1495 lavisse
582 1434 628 1495 fac
649 1434 725 1494 votis
747 1434 818 1494 deas

169 1533 274 1577 omnes
295 1517 372 1578 tuis:
395 1535 511 1579 cessere
535 1526 563 1579 et
585 1519 679 1580 aversi
700 1520 799 1596 lugam

169 1601 282 1680 petiere
304 1603 392 1676 cives,
415 1603 496 1665 clade
518 1604 635 1666 funesta
657 1603 757 1666 iacens
792 1664 795 1669 .

170 1685 280 1747 obtexit
301 1706 388 1767 agros
409 1688 494 1749 miles
515 1723 559 1734 —
581 1688 694 1751 exultes
717 1689 786 1750 licet

167 1771 322 1851 victorque
343 1773 443 1834 fratris
463 1774 558 1853 spolia
580 1773 686 1835 deiecti
708 1791 807 1852 geras:

169 1856 331 1934 frangenda
353 1859 448 1936 palma
471 1867 525 1920 est.
570 1859 658 1938 quale
680 1867 713 1921 tu
734 1860 793 1920 boc
814 1857 924 1921 bellum
945 1867 1041 1940 putas,

169 1941 201 2002 in
224 1960 284 2021 que
308 1943 504 2005 execrandum
526 1943 621 2005 victer
642 1944 768 2006 admittit
790 1945 882 2018 nefas,

170 2027 196 2087 si
219 2025 347 2103 gaudet?
369 2029 450 2089 bunc
473 2047 561 2108 quem
583 2029 701 2090 vincere
725 2029 828 2090 infelix
849 2029 944 2109 cupis,

171 2130 239 2172 cum
261 2112 376 2185 viceris,
399 2112 523 2193 lugebis.
568 2113 711 2175 infaustas
733 2132 786 2192 age

171 2197 283 2258 dimitte
304 2215 429 2277 pugnas,
451 2198 543 2259 libera
564 2199 688 2278 patriam
710 2208 802 2271 metu,

169 2282 253 2343 luctu
275 2290 423 2362 parentes.
487 2302 553 2344 ron.
598 2283 725 2347 Sceleris
747 2291 776 2345 et
798 2284 909 2346 fraudis
932 2302 1003 2347 suae

169 2385 282 2446 peenas
304 2368 449 2429 uelandus
471 2369 562 2430 frater
583 2377 617 2428 ut
639 2369 734 2431 nullas
756 2367 851 2431 ferat?

170 2470 226 2513 roc.
269 2453 313 2514 Ne
335 2463 443 2515 metue.
486 2471 599 2533 poenas
621 2462 650 2515 et
673 2453 792 2535 quidem
814 2453 907 2515 solvet
929 2472 1046 2533 graves:

169 2537 313 2615 regnabit.
358 2546 403 2599 est
426 2538 497 2600 baec
518 2557 624 2617 poena.
670 2540 696 2600 si
718 2538 844 2613 dubitas,
866 2558 918 2600 avo

170 2622 306 2702 patrique
329 2624 432 2685 crede:
456 2623 582 2685 Cadmus
604 2624 662 2685 hoe
685 2624 762 2685 dicet
782 2623 837 2685 tibi

171 2706 330 2787 Cadmique
352 2708 463 2788 proles.
508 2714 624 2788 sceptra
647 2705 789 2770 Thebano
811 2709 868 2769 tuit

169 2792 293 2871 impune
315 2794 389 2854 nulli
413 2812 526 2872 gerere,
549 2812 605 2854 nec
628 2794 783 2873 quisquam
805 2793 863 2853 fide

169 2884 256 2956 rupta
278 2877 391 2939 tenebit
412 2879 476 2939 illa:
500 2879 558 2939 iam
580 2896 720 2940 numeres
743 2877 811 2939 lieet

170 2962 292 3024 fratrem
315 2962 393 3025 inter
414 2963 495 3025 istos.

341 3141 344 3154 .
437 3097 637 3161 ETEOCLES

457 3235 461 3242 .
537 3200 694 3271 Numeres,
718 3207 763 3258 est
783 3197 856 3258 tanti
877 3195 951 3256 mibi

171 3300 239 3344 cum
262 3283 382 3363 regibus
404 3284 511 3347 iacere.
554 3293 584 3346 te
605 3283 710 3345 turbae
732 3282 851 3345 exulum

124 3391 128 3397 ·
170 3367 295 3429 ascribo.
361 3388 417 3433 roc.
461 3370 573 3449 Regna,
596 3367 757 3430 dummodo
778 3367 891 3428 invisus
913 3366 982 3428 tuis.

255 3521 303 3571 631
323 3518 453 3585 gladioli
520 3523 570 3575 632
589 3534 643 3571 sors
661 3519 739 3570 codd.
759 3519 878 3569 correxit
895 3513 930 3568 N.
949 3516 1074 3566 Hamus
1092 3514 1183 3581 adep
1186 3517 1245 3569 ,59,

171 3613 205 3623 -
222 3586 323 3651 ρεῐίις
392 3590 442 3641 636
460 3588 533 3641 miles
552 3602 627 3655 agros
645 3587 670 3638 E
742 3589 791 3639 638
810 3589 839 3636 tu
855 3583 881 3634 id
900 3584 924 3635 b.
939 3583 1000 3633 A
1033 3584 1083 3636 643
1100 3532 1183 3634 luctu
1190 3598 1245 3651 per.

171 3653 231 3705 scel.
250 3657 277 3704 et
294 3670 344 3706 om.
357 3655 501 3721 Etlrnbet:
517 3671 574 3710 non.
583 3656 614 3708 lr.
624 3659 657 3720 s.)
727 3657 777 3707 646
794 3654 858 3705 haec
875 3651 951 3703 estA
1019 3652 1069 3704 648
1087 3648 1245 3716 Τὴεὴαηας

170 3720 324 3784 (Thebarum
342 3718 1245 3791 Avantici)6491mp.ng.etNec..fsiugcliaveretbmb'

170 3793 220 3843 650
244 3790 349 3842 tenebat
371 3793 405 3844 A.
431 3822 467 3831 -
489 3807 619 3845 numeres:
645 3807 673 3843 es
697 3792 765 3843 1m.
790 3805 824 3840 ac
846 3789 869 3839 is
1005 3790 1053 3841 661
1079 3787 1151 3841 istos.
1186 3802 1244 3840 non.

169 3873 274 3910 numere
300 3863 326 3911 et
350 3862 390 3911 est
411 3861 487 3914 codd.
506 3852 627 3912 conscit
649 3860 680 3910 B.
699 3859 862 3911 Schmidtius
880 3856 912 3906 de
929 3871 978 3907 mn.
997 3854 1058 3907 Seu.
1076 3861 1148 3920 trag.
1165 3871 1192 3921 p.
1209 3855 1245 3908 20

169 3927 244 3980 652
237 3929 321 3979 tacere
338 3929 445 4045 etEnrbi
463 3929 565 3980 exulum
583 3928 669 3980 9.-
687 3930 714 3979 te
731 3931 751 3980 t.
769 3942 792 3980 e.
810 3931 837 3976 et
852 3940 876 3976 a.
895 3927 944 3978 653
963 3923 1085 3975 locastae
1103 3923 1204 3976 dantia
1221 3923 1247 3974 A

76 4026 80 4032 ν
168 3998 218 4048 653
236 3994 343 4047 asscribi

968 4062 1043 4129 ,Ἠ
