2648 4478
369 293 407 334 DE
429 292 621 335 nuumsunnrs
643 293 823 336 ruthenicus.
1094 279 1133 342 13

69 443 241 521 corrigendis
257 444 379 523 quaein
398 441 457 504 illis
477 452 610 504 correcta
630 443 757 506 vidimus
773 452 802 505 et
823 443 882 524 ipsi
903 445 1067 507 sufficimus
1081 481 1133 522 -,

70 528 118 588 0101
129 528 277 590 Etruscus
291 546 430 608 quoque,
451 536 480 589 et
500 528 549 589 ille
571 528 690 607 quidem
712 537 869 608 postquam
889 531 1093 610 apographum
1107 534 1136 593 Σ

68 614 227 674 conlectum
243 621 297 688 est,
313 622 512 675 correctorem
527 631 633 692 passus
647 621 735 689 esset,
756 614 806 692 qui
821 614 954 692 volgares
970 616 1133 695 scripturas

68 697 110 758 hic
122 697 181 759 illic
201 699 328 776 margini
342 697 451 772 intulit,
474 697 619 776 genuinas
634 717 696 759 000
712 699 808 759 001100
824 699 921 760 000011.
954 699 1134 780 ubicumque

68 781 148 861 igitur
167 783 264 863 prima
285 782 404 844 Etrusci
426 800 531 843 manus
552 782 646 844 deleta
668 790 727 859 est,
754 784 871 845 codices
894 783 928 844 M
942 793 971 845 et
985 785 1017 845 N
1036 794 1133 847 certos

67 866 202 929 hahemus
212 868 355 948 pristinae
366 867 504 928 lectionis
514 875 615 929 testes.
642 868 721 946 quod
738 874 771 929 01
785 868 919 948 exemplo
931 869 1132 948 comprobem,

68 951 245 1036 0011000οΙ10
264 951 485 1033 0010010101110,
509 952 540 1013 in
561 971 621 1031 quo
642 953 830 1032 impudenter
849 953 955 1014 versati
975 964 1046 1015 sunt
1067 973 1153 1016 cor··

67 1044 191 1099 rectores
206 1038 274 1114 duo,
297 1037 460 1098 eliminatas
475 1036 511 1098 ab
528 1036 587 1098 illis
601 1037 718 1098 Etrusci
744 1038 906 1117 scripturas
927 1039 1091 1100 secundum
1106 1042 1136 1100 Σ

68 1128 128 1182 0010
142 1121 245 1183 oculos
260 1141 384 1203 ponam:
407 1140 433 1181 0.
451 1123 470 1186 8
491 1127 606 1184 recenti.
642 1124 680 1184 12
699 1123 781 1201 ferro
796 1127 908 1183 minen.
940 1125 977 1185 21
996 1125 1133 1186 escendat.

69 1206 105 1267 34
118 1207 257 1285 [0000ον.
282 1209 323 1271 36
334 1215 447 1287 putrem
457 1206 584 1286 probavi
596 1206 704 1285 gloriae
717 1208 776 1286 feci
789 1207 891 1270 locnm.
921 1209 961 1272 38
977 1207 1133 1289 Aethiopus.

69 1292 105 1352 13
125 1295 200 1353 inre.
234 1293 276 1355 56
298 1293 397 1354 durae.
432 1292 472 1353 62
494 1300 522 1352 et
542 1303 623 1353 terno
643 1296 768 1354 monstri
787 1292 859 1354 collo
880 1295 988 1355 deviem
1008 1298 1132 1356 intuens.

70 1374 105 1438 63
125 1381 287 1439 minimum.
317 1378 357 1439 90
379 1377 467 1455 feros.
501 1379 560 1439 110
580 1376 740 1455 delectam).
774 1378 956 1457 tetstatur.
988 1378 1048 1441 184
1063 1383 1133 1441 suis.

9 1490 11 1531 ,
73 1460 126 1522 188
140 1472 271 1543 tempore.
304 1462 365 1525 213
384 1464 521 1541 aprime.
550 1460 750 1524 2191000100.
779 1463 843 1525 236
863 1482 929 1542 000.
960 1464 1020 1525 257
1037 1467 1134 1543 copiti.

9 1562 11 1623 f
71 1544 253 1609 2191000001.
288 1545 498 1609 3021100010.
536 1547 743 1610 arcemone.
779 1548 838 1609 321
862 1548 932 1609 edit.
965 1549 1028 1610 324
1049 1567 1136 1628 snper

9 1636 10 1675 ἓ
71 1627 170 1692 holuit.
197 1633 258 1695 368
272 1632 406 1692 reducere
421 1649 446 1691 e.
463 1649 491 1709 q.
507 1650 532 1691 s.
560 1631 615 1692 hac
629 1631 720 1710 igitur
734 1630 766 1690 10
781 1648 814 1691 00
830 1630 866 1691 de
881 1649 937 1709 qua
953 1630 1136 1710 insequenti

9 1756 11 1761 -
73 1713 160 1793 capite
176 1716 325 1796 copiosius
346 1715 504 1777 dicendum
527 1715 598 1789 erit,
620 1715 752 1776 Vaticani
775 1724 804 1777 et
818 1715 1004 1777 Ambrosiani
1027 1716 1135 1777 auxilio

9 1800 11 1817 ³
74 1798 113 1859 011
127 1818 182 1861 000
196 1799 429 1880 dedignabimur.

152 1904 222 1964 quae
249 1886 285 1946 de
311 1885 429 1946 Etrusci
458 1883 628 1964 apographo
658 1883 803 1964 disputavi
831 1902 893 1945 non
920 1884 1072 1964 pertinent
1098 1886 1135 1946 ad

9 1970 10 2045 ᾗ
75 1963 238 2032 Phoenissas
258 1970 437 2049 Medeaeque
457 1969 538 2029 illam
558 1968 733 2048 excipientis
752 1977 866 2049 partem
888 1970 1036 2049 priorem;
1059 1989 1135 2050 quae

76 2054 253 2116 02000010
270 2073 329 2135 quo
352 2073 421 2116 casu
444 2053 565 2125 ablatae,
589 2072 657 2114 cum
671 2054 790 2115 Medeae
812 2054 959 2134 posterior
981 2071 1050 2133 pars
1072 2055 1135 2117 1000

9 2146 11 2187 ὲ
76 2135 138 2198 1010
151 2157 166 2200 0
177 2158 202 2200 0.
220 2144 281 2204 too
296 2158 332 2200 ex
346 2140 473 2203 Etrusco
489 2138 625 2218 pendeat,
647 2139 703 2199 alio
719 2139 755 2199 de
771 2140 872 2199 codice
890 2138 927 2199 ah
942 2138 1046 2200 eodem
1061 2148 1134 2218 puto

9 2256 11 2303 ;
76 2239 155 2300 quem
169 2225 197 2285 in
215 2225 336 2304 reliquis
356 2223 515 2304 tragoediis
536 2223 719 2300 corrigendis
741 2231 917 2303 occupatum
938 2223 1135 2304 deprehendi-

76 2324 145 2384 mus,
163 2310 311 2389 suppletae
334 2319 419 2383 sunt;
443 2308 550 2368 deinde
564 2308 595 2368 in
612 2306 647 2367 M
665 2308 727 2369 suis
747 2308 822 2369 locis
842 2308 1037 2387 transcriptae
1058 2309 1089 2370 in
1105 2309 1136 2370 N

9 2420 11 2475 p
76 2390 213 2455 immutato
235 2394 339 2455 ordine
359 2393 509 2472 leguntur,
532 2399 566 2452 ut
587 2400 668 2453 recto
689 2393 756 2454 1000
771 2393 881 2469 Medea,
904 2400 973 2473 0001
987 2392 1134 2473 Oedipum

9 2490 11 2539 ῑ
77 2472 240 2539 Phoenissae
255 2487 334 2540 extet
349 2485 379 2538 et
392 2479 455 2558 ipsa
466 2477 573 2558 Oedipi
587 2478 708 2540 nomine
722 2478 874 2558 inscripta.
904 2478 1036 2538 codicem
1051 2478 1133 2540 illum

77 2558 251 2640 interpolatae
266 2570 363 2624 sectae
382 2564 474 2624 101000
496 2573 728 2624 consentaneum
752 2571 805 2624 est.
838 2561 1053 2641 querellarum
1074 2572 1135 2625 tra-

79 2645 230 2720 goediamm
245 2649 277 2709 in
293 2647 472 2728 apographis
487 2647 603 2708 duobus
618 2648 706 2708 lectio
727 2648 774 2708 vix
795 2647 916 2726 cognitu
939 2647 1028 2726 digna
1049 2648 1135 2722 loret,

9 2766 10 2799 ;
79 2729 129 2790 0101
142 2731 169 2792 10
183 2752 216 2793 eo
230 2743 311 2796 certe
326 2732 469 2794 momenti
490 2732 601 2812 aliquid
622 2732 741 2806 inesset,
766 2733 845 2810 quod
869 2732 970 2793 eadem
990 2732 1054 2793 1000
1075 2742 1137 2795 0001

79 2812 190 2879 Melissei
204 2818 270 2879 libri
285 2817 383 2893 lectio,
403 2817 503 2878 amissi
517 2823 587 2897 post
600 2816 691 2896 Lipsii
708 2835 838 2896 operam,
860 2817 912 2876 sed
927 2816 1044 2876 laudato
1058 2817 1136 2877 mul·

9 2914 11 2969 ;
81 2904 134 2958 tum
147 2910 173 2963 01
186 2903 359 2965 desiderato.
393 2903 444 2982 qui
461 2903 546 2963 cuius
562 2902 679 2981 generis
695 2901 784 2962 luerit
797 2901 853 2962 iam
868 2899 999 2977 intellegi
1016 2901 1135 2980 poterit.

9 2986 10 2995 ²
31 3050 35 3058 ,
152 2985 185 3048 de
197 2987 333 3050 Melissae
349 3006 424 3067 quae
439 2986 507 3049 sciri
522 2996 650 3067 possunt
665 3005 681 3047 e
695 2985 788 3065 Lipsii
810 2984 1028 3046 commentariis
1048 3003 1135 3064 repe-

9 3108 11 3151 3
81 3069 154 3130 tenda
167 3081 243 3149 sunt,
266 3070 836 3152 0010000001000010110000001100101
854 3071 991 3133 00010000
1013 3078 1136 3152 possent

9 3154 11 3237 1
82 3157 198 3218 00010011
236 3176 270 3219 00
291 3156 381 3235 igitur
396 3175 472 3237 quae
490 3157 555 3217 0100
576 3156 693 3233 codicis⁴
709 3174 766 3235 ope
788 3155 944 3217 emendare
965 3155 1081 3233 studet,
1103 3155 1135 3217 in

82 3238 166 3301 codiee
179 3261 238 3304 non
254 3241 361 3303 melius
376 3241 481 3302 tradita
495 3241 588 3303 101000
604 3250 718 3302 certum
732 3248 786 3302 est.
820 3240 872 3302 sed
895 3259 934 3302 ne
954 3241 1032 3303 10010
1053 3240 1136 3303 lalla—

9 3326 11 3407 ᾗ
81 3337 144 3399 mur,
164 3345 242 3388 nunc
258 3344 292 3387 ea
306 3334 420 3389 tantum
436 3326 630 3406 respiciemus
645 3325 766 3405 quaein
781 3324 917 3387 Melisseo
940 3325 1069 3387 extitisse
1091 3325 1135 3385 di·

9 3410 11 3441 *
81 3407 153 3471 sertis
165 3411 260 3472 verbis
274 3418 408 3473 testatur.
438 3431 470 3473 00
485 3428 565 3487 0000,
580 3418 615 3472 01
629 3410 664 3471 de
675 3410 846 3472 Phoenissis
860 3409 989 3489 primum
1005 3427 1135 3487 agamus,

82 3506 136 3553 cum
156 3494 221 3556 MN
239 3495 339 3557 omnia
362 3495 556 3558 consentiunt
576 3504 694 3575 praeter
714 3495 769 3556 hos
790 3482 894 3556 locos?
919 3513 945 3555 0.
968 3497 1137 3556 41000010

9 3590 10 3621 1
81 3571 141 3637 MN
155 3581 196 3656 (in
214 3594 324 3644 rectum
345 3580 413 3643 Mel.
436 3580 506 3657 alii).
544 3582 585 3643 64
605 3592 685 3643 utere
707 3584 844 3656 (0001000,
870 3578 950 3660 quod
970 3578 1049 3640 idem
1070 3583 1136 3654 001).

83 3662 129 3725 181
150 3670 235 3746 coepit
257 3666 379 3747 (coepi).
424 3668 485 3732 182
506 3671 692 3746 magnanime
713 3666 878 3729 miserande
907 3664 989 3743 (mis.
1011 3664 1136 3745 magn).

9 3764 10 3775 ¹
82 3744 130 3807 261
151 3760 251 3813 troctas
266 3751 414 3830 (tinctos).
448 3753 510 3816 320
528 3769 586 3812 om.
602 3751 883 3831 ememplnmingms,
916 3749 968 3811 sed
982 3749 1090 3829 legitur
1105 3750 1137 3811 in

9 3840 11 3875 1
82 3834 195 3912 margine
205 3837 248 3897 M.
272 3836 381 3916 quihus
397 3837 433 3897 de
448 3837 521 3898 locis
535 3836 677 3897 iudicium
692 3847 807 3898 certum
821 3835 888 3911 erit,
903 3836 955 3898 uhi
969 3834 1137 3897 communia

9 3928 11 3963 2
84 3919 204 3992 quaedam
214 3921 484 4003 composuerimus:
498 3923 557 3985 178
569 3922 667 3983 audies
677 3939 778 3982 000000
790 3920 894 4003 001000
906 3918 1136 4001 (Oedipnmdli).

86 3999 248 4086 3280000100
263 4005 478 4088 (00010013).
512 4009 572 4071 331
597 4005 727 4087 exemplo
747 4007 912 4085 fcn'nornm
933 4006 1007 4086 (sar.
1023 4023 1069 4067 en.
1085 4002 1136 4082 A).
