2776 4476
558 274 702 318 merens
717 260 847 435 [avarus]

168 423 204 484 de
219 441 266 485 me
248 383 487 513 triumphatt
457 370 588 485 es
497 443 587 504 supe
572 408 679 487 rficd
682 444 776 497 mann
791 460 801 495 ι

168 488 264 607 ιιιιῇιι
280 526 333 587 per
344 508 433 570 urbes
449 488 568 605 ddctta
587 498 695 597 gulicrfs
710 496 822 573 canem.

167 595 229 655 vise
245 593 292 654 lab
308 598 392 655 ntem
408 570 544 667 Cerbero
551 570 623 671 pidi
625 590 744 676 diem
912 616 925 645 s

168 613 369 763 pavidumque
378 677 493 765 Selem5
509 697 557 740 me
572 698 692 777 queque
706 618 819 743 invasit
825 690 946 760 tremor,

169 773 198 825 et
211 766 295 833 terna
310 766 396 839 meins
398 763 435 824 tri
451 724 525 825 edila
540 765 603 850 deri
605 766 780 841 adintuens
854 830 860 837 ,

169 848 252 910 tnui
266 849 437 931 imperasse.
467 848 538 909 levia
555 785 606 909 sed
622 850 745 911 nimium
761 869 836 930 quer
855 870 886 928 r;
903 876 927 947 s

169 911 248 996 caeid
264 933 428 994 timendum
444 942 487 994 est
490 940 604 1011 ,regna
620 922 660 996 nd
672 950 786 997 summa
838 938 927 1018 cupet

167 1019 219 1097 qui
234 1018 324 1080 vicit
316 1035 388 1078 rma.
410 1027 526 1099 sceptra
541 1018 701 1099 praeripiet
716 1022 802 1099 patri

168 1122 225 1165 nec
240 1102 271 1165 in
287 1110 364 1164 astra
378 1102 457 1164 lenta
472 1104 569 1164 veniet
582 1111 617 1164 ut
626 1105 782 1166 Baehus
756 1124 816 1167 vra:
889 1117 891 1121 ’

170 1189 226 1250 iter
241 1188 327 1249 ruina
342 1196 464 1267 quaeret
479 1196 508 1249 et
523 1206 613 1250 vacuo
629 1190 706 1250 volet

168 1291 293 1351 regnare
307 1274 429 1334 mundo.
458 1273 566 1334 robure
580 1283 701 1353 experte
717 1283 819 1350 tumet,

168 1368 197 1427 et
211 1376 300 1438 posse
311 1357 424 1418 eaelum
440 1356 551 1419 viribus
565 1359 642 1419 vinci
657 1359 719 1421 suis

168 1443 272 1505 didicit
285 1442 422 1517 ferend03
439 1443 569 1504 subdidit
582 1443 693 1506 mundo
709 1454 799 1523 caput

168 1547 224 1590 nec
237 1528 319 1589 flexit
333 1545 452 1590 umerus
467 1527 553 1589 molis
568 1528 728 1590 immensae
744 1529 828 1590 labor

167 1613 334 1692 meliusque
349 1612 425 1673 celio
440 1613 516 1675 sedit
530 1612 676 1674 Herculeo
692 1612 790 1693 palus.

168 1699 287 1761 immuta
302 1697 398 1761 cervix
413 1697 509 1760 sidera
525 1706 554 1760 et
569 1699 682 1759 caelum
697 1698 766 1760 tulit

169 1793 198 1846 et
211 1802 258 1845 me
274 1800 358 1861 prem
399 1791 462 1844 tem
474 1785 606 1867 quaerit
666 1802 729 1887 sup
766 1802 887 1846 οιιιιιιιι

253 1846 504 2013 ngerdegg
506 1864 619 1929 eetm
630 1854 691 1947 grta
710 1788 1043 2017 ἢῖιιιιι
907 1834 1050 1967 opprime,
1162 1925 1163 1929 ,
1210 1881 1240 1931 tt

168 1953 358 2031 congredere,
373 1846 504 2013 maniblu}
495 1971 510 2013 s
525 1952 588 2032 ipsa
605 1953 731 2015 dilacera
746 1955 820 2015 tui·

170 2039 240 2118 quid
252 2047 332 2099 tanta
343 2038 464 2099 mandas
480 2036 568 2099 odia?
599 2038 749 2100 discedant
764 2039 851 2116 ierae,
924 2104 927 2110 ,

168 2124 232 2204 ipse
247 2123 419 2203 imperando
434 2123 531 2184 fessus
547 2124 730 2203 Eurystheus
744 2133 834 2186 vacet.

168 2208 286 2269 Titanas
301 2226 389 2269 ausos
404 2225 543 2287 rumpere
558 2208 715 2288 imperium
731 2208 807 2270 lovis

169 2293 278 2367 emitte,
294 2291 386 2354 Siculi
400 2292 517 2354 verticis
532 2293 594 2354 laxa
610 2311 742 2374 specum,

168 2378 256 2440 tellus
273 2374 390 2455 gigante
404 2377 491 2438 Doris
507 2396 629 2439 excusso
645 2387 775 2439 tremens

168 2462 321 2543 supposita
335 2462 462 2523 monstri
477 2462 550 2523 colla
569 2464 689 2525 terrifici
704 2465 779 2524 levet
792 2499 834 2509 —

168 2547 220 2610 sed
234 2548 302 2609 vicit
317 2546 382 2609 ista.
413 2549 530 2626 quaeris
545 2547 663 2610 Alcidae
677 2546 802 2627 parem?

168 2651 256 2694 nemu
272 2641 317 2694 est
331 2631 389 2692 nisi
404 2631 484 2711 ipse:
501 2632 576 2693 bella
592 2633 650 2693 iam
665 2652 766 2694 secum
781 2641 872 2712 gerat

168 2717 265 2780 adsint
278 2717 314 2779 ab
330 2716 389 2777 imo
401 2716 515 2778 Tartari
529 2717 622 2778 fundo
638 2718 748 2779 excitae

168 2802 357 2878 Eumenides,
373 2802 473 2881 ignem
486 2802 637 2864 flammeae
652 2811 792 2882 spargant
807 2819 917 2877 cumae,

168 2887 285 2966 viperea
299 2905 400 2949 saevae
415 2886 534 2948 verbera
550 2887 696 2950 incutiant
711 2904 827 2949 manus

168 2974 179 3034 i
194 2991 286 3048 nunc,
302 2971 440 3050 superbe,
457 2972 594 3034 caelitum
608 2973 693 3034 sedes
708 2984 785 3051 pete,

168 3058 296 3118 humana
309 3066 418 3119 temne.
447 3057 503 3118 iam
520 3057 608 3137 Styga
624 3065 654 3119 et
667 3076 768 3119 manes
787 3055 873 3134 ieros

170 3141 280 3220 fugisse
296 3138 414 3202 credis?
444 3141 493 3203 hic
507 3143 560 3205 tibi
576 3143 728 3205 ostendam
744 3141 864 3203 inferus.

169 3226 311 3288 revocabo
327 3228 357 3288 in
374 3226 430 3288 alta
446 3228 593 3289 conditam
609 3227 744 3306 caligine,

168 3375 285 3429 sublimis
302 3374 365 3427 alias
383 3376 453 3429 Luna
470 3377 598 3445 concipiat
616 3378 682 3429 ieras
1216 3386 1242 3428 83

254 3530 287 3581 62
306 3532 332 3578 et
349 3530 413 3578 tetra
431 3527 464 3592 A,
484 3528 545 3581 dm.
555 3529 575 3580 ι’.
585 3544 641 3581 raa
652 3529 729 3582 editt.
738 3528 764 3579 E
779 3532 849 3579 terna
867 3529 892 3576 Σ
907 3528 1004 3590 (eterna
1021 3527 1123 3591 Μ).-
1090 3526 1242 3578 -devicte

168 3599 193 3646 Σ
217 3595 324 3648 devicti:
349 3595 369 3646 ti
393 3599 578 3649 catedras.
598 3596 621 3647 Ε
706 3599 739 3649 63
762 3595 892 3647 minimum
910 3596 934 3643 Σ
950 3594 1043 3646 [dim.
1061 3594 1168 3659 (tadei.
1186 3608 1240 3644 ras.

168 3664 284 3730 nimium)
336 3666 369 3717 66
385 3662 468 3716 lenta:
487 3678 556 3715 aaa
570 3679 602 3716 us
618 3664 679 3716 2m.
690 3664 722 3717 ιι.
732 3668 803 3714 ——ut
812 3663 934 3714 bacchus
954 3666 982 3714 ut
992 3661 1068 3714 baca
1080 3678 1135 3713 rac.
1146 3660 1206 3714 2ιιι,
1216 3660 1241 3711 ιι

169 3735 200 3785 61
225 3732 288 3784 iter.
309 3732 404 3783 inter
397 3747 406 3782 ι
425 3738 451 3782 et
467 3736 478 3783 t
496 3748 563 3785 erne.
582 3732 641 3783 nid
716 3735 749 3786 68
770 3746 800 3782 ex
802 3729 923 3798 peneoA
992 3732 1025 3781 72
1049 3730 1198 3797 mediusque
1216 3730 1242 3780 Α

169 3801 226 3853 ’16
219 3814 275 3867 ipsa
293 3814 344 3851 ram
361 3799 444 3852 lacera
462 3800 487 3850 A
555 3803 585 3851 81
607 3800 722 3867 gigante
741 3814 843 3851 eccrr.
863 3797 1075 3862 eaisldfflm?
1093 3795 1245 3865 giganteN

169 3868 265 3935 giganti
282 3865 323 3932 M)
375 3870 407 3921 83
426 3867 511 3919 delevi
561 3871 594 3921 82
613 3874 639 3918 et
656 3869 690 3920 89
708 3868 743 3928 cf.
755 3867 831 3929 infra
849 3867 926 3917 adu,
936 3865 987 3918 123
1038 3869 1139 3920 83—89
1158 3881 1208 3918 om.
1223 3868 1243 3930 ς

169 3938 202 3988 96
219 3936 290 3988 ferox
307 3936 333 3987 A
349 3935 416 3988 ieros
433 3938 459 3986 Σ
482 3935 575 3988 Ειιιι.
594 3938 637 4001 (ox
654 3936 740 3987 2m.
728 3953 746 3988 ι.
764 3952 817 3986 rae.
837 3936 927 4000 eccs)
996 3937 1027 3988 91
1048 3940 1151 3986 antee.
1165 3934 1200 3987 90
1218 3933 1243 3984 d

170 4003 255 4055 literis
273 4019 287 4056 a
305 4003 321 4055 b
339 4003 429 4069 (2md)
446 4007 585 4055 restitutus
603 4004 679 4068 ordo,
696 4020 772 4070 quem
792 4009 862 4054 tenet
877 4005 902 4053 Σ
