2648 4478
264 909 402 971 Priorum
423 917 590 990 temporum
606 908 750 989 philologi
765 926 826 971 non
841 927 936 971 unum
952 926 1017 971 esse
1036 906 1272 986 tragoediarum

178 996 309 1058 Senecae
331 994 452 1056 nomine
467 993 677 1074 inscriptorum
693 993 827 1055 omnium
841 1001 992 1056 auctorem
1008 1010 1196 1073 persuasum
1212 990 1271 1053 sibi

178 1080 347 1143 babuerunt
370 1098 437 1140 cum
460 1087 582 1159 propter
603 1078 767 1141 solemnem
789 1079 851 1141 lere
880 1078 911 1140 in
933 1077 1131 1158 praenomine
1157 1085 1269 1157 poetae

177 1165 328 1228 efferendo
350 1163 539 1226 librariorum
562 1181 693 1226 errorem
715 1164 874 1244 locumque
897 1164 1033 1226 Octaviae
1056 1168 1269 1243 praetextatae

178 1250 211 1312 in
232 1248 377 1311 librorum
400 1248 485 1311 turba
508 1248 586 1311 inter
608 1268 714 1312 novem
729 1249 893 1328 tragoedias
911 1266 1099 1322 conoessum,
1121 1255 1196 1309 tum
1213 1245 1267 1308 ob·

177 1352 301 1398 scururu
330 1334 478 1414 quoddam
507 1352 563 1395 nec
591 1334 740 1397 munitum
769 1334 840 1397 satis
872 1342 902 1395 et
929 1332 1200 1412 circumscriptum
1230 1332 1265 1392 de

180 1419 313 1482 moribus
335 1429 441 1499 poetae
463 1429 493 1481 et
507 1417 628 1499 ingenio
643 1419 785 1481 iudicium
800 1419 1037 1499 praetendentes.
1068 1435 1130 1497 quo
1149 1417 1266 1479 lactum

179 1512 275 1567 estut
295 1505 387 1566 multa
409 1514 439 1568 et
460 1503 612 1566 arbitraria
634 1504 688 1566 viri
711 1504 800 1579 docti,
822 1504 853 1565 in
870 1503 973 1584 primis
990 1503 1024 1565 D.
1039 1501 1203 1578 Heinsius,
1227 1502 1263 1562 de

179 1588 301 1652 dirersis
323 1590 540 1669 tragoediarum
561 1589 733 1652 auctoribus
755 1589 1060 1651 comminiseerantur.
1105 1588 1169 1650 iam
1194 1604 1263 1648 vero

179 1674 257 1736 iuter
278 1674 526 1755 prudentissimos
549 1692 685 1754 quosque
707 1675 819 1737 dudum
840 1681 955 1737 constat
969 1672 1112 1735 vindicari
1128 1673 1187 1735 bas
1203 1678 1260 1734 tra·

180 1761 298 1839 goedias
320 1760 451 1823 Senecae
480 1759 617 1822 codicum
646 1759 757 1835 titulis,
787 1767 918 1823 veterum
946 1757 1125 1821 testimoniis
1155 1755 1261 1839 paucis

178 1846 300 1924 quidem
329 1845 381 1905 sed
409 1844 596 1920 indubitatis,
625 1844 696 1908 artis
724 1844 945 1924 aequabilitate,
976 1849 1099 1923 cognata
1129 1858 1259 1923 operum

179 1929 309 2009 pedestri
330 1947 469 1991 sermone
490 1929 670 2009 scriptorum
692 1930 807 2006 indole;
829 1928 991 1993 abiudicari
1009 1929 1144 2007 singulas
1161 1925 1258 2009 pbilo-

178 2015 274 2095 sopbo
297 2032 358 2075 uon
381 2033 470 2095 posse
493 2014 550 2075 nisi
573 2015 660 2095 plena
682 2015 936 2095 argumentatione
962 2014 1104 2094 omnique
1134 2013 1259 2075 nomine

178 2100 322 2163 absoluta.

264 2202 354 2246 unam
381 2202 450 2245 vero
477 2184 605 2246 labulam
633 2193 752 2265 praeter
779 2193 908 2261 ceteras,
943 2183 1177 2246 Herculem
1209 2177 1256 2243 cui

180 2270 316 2332 Oetaei
338 2287 448 2331 nomen
471 2269 666 2349 interpolator
687 2270 801 2345 indidit,
825 2269 985 2349 quominus
1000 2269 1134 2331 Senecae
1156 2269 1254 2347 impu·

177 2363 276 2416 tarent
296 2354 362 2415 iure
385 2361 415 2414 et
435 2361 548 2414 veteres
570 2362 602 2415 et
622 2363 758 2417 recentes
779 2355 971 2421 haesitamnt
1015 2354 1095 2434 quod
1118 2354 1145 2416 si
1166 2351 1254 2414 Riob-
1310 2416 1311 2421 γ

178 2450 261 2502 tenus
276 2440 328 2518 qni
344 2455 442 2518 nuper
456 2457 519 2500 eam
535 2440 666 2502 Senecae
680 2440 823 2519 abrogare
837 2439 950 2508 studuit
964 2439 1013 2518 (de
1030 2440 1145 2501 Seneca
1161 2448 1251 2514 tragg·
1310 2452 1311 2517 l

177 2533 299 2588 auctore
321 2524 443 2586 Bonnae
468 2525 561 2600 1862)
585 2544 646 2588 non
669 2544 704 2588 eo
727 2525 862 2606 pervenit
883 2532 916 2586 ut
937 2524 1007 2587 viris
1022 2524 1116 2586 doctis
1131 2531 1252 2586 sentem
1310 2520 1311 2581 l

102 2668 107 2677 ,
179 2612 249 2672 tiam
272 2627 353 2671 suam
371 2609 519 2688 probaret,
542 2611 692 2672 latendum
710 2621 756 2674 est
769 2610 862 2687 dium,
885 2628 1064 2690 quamquam
1078 2613 1252 2689 argumenta

179 2696 249 2757 satis
271 2695 389 2755 curiose
412 2695 573 2773 congessit,
596 2714 657 2756 nou
673 2714 797 2776 prorsus
811 2696 847 2756 ad
862 2695 1101 2774 persuadendum
1117 2691 1250 2774 apposite

179 2781 353 2878 disputasse.
399 2797 458 2859 quo
487 2781 580 2860 magis
608 2782 769 2861 optandum
791 2781 905 2842 videtur
927 2789 962 2842 ut
983 2799 1019 2843 ex
1040 2779 1157 2858 integro
1181 2778 1251 2838 baec

179 2866 312 2945 quaestio
334 2864 522 2942 instituatur,
547 2885 584 2928 ne
606 2866 642 2927 ad
664 2866 790 2929 certiora
811 2865 961 2946 perveniri
983 2884 1046 2928 non
1068 2882 1158 2944 posse
1182 2876 1249 2942 per
1309 2912 1310 2917 ,

178 2968 279 3030 peram
301 2950 446 3011 credatur.
498 2980 512 2999 ι

263 3034 351 3096 habet
372 3043 470 3095 autem
491 3034 565 3096 bueo
585 3033 682 3097 fabula
704 3034 814 3131 quibus
831 3035 876 3096 vel
895 3035 991 3096 obiter
1005 3033 1136 3097 intuenti
1151 3052 1168 3095 a
1183 3028 1248 3092 reli·

178 3120 246 3199 quis
268 3119 387 3180 differre
408 3118 555 3181 videatur:
583 3118 702 3182 titulum
728 3119 893 3199 antiquitus
915 3111 1045 3199 praefert
1066 3137 1135 3181 cum
1158 3116 1249 3198 prima

179 3203 276 3266 sabula
292 3221 495 3279 communem3
512 3203 610 3281 agitur
623 3205 752 3302 primum
767 3204 803 3266 ad
820 3204 986 3267 Oechaliam
1004 3204 1072 3266 dein
1088 3201 1246 3273 Trachine;

178 3289 262 3351 chori
284 3290 447 3351 audiuntur
468 3288 542 3363 duo;
565 3290 693 3385 spatium
715 3289 845 3370 complet
865 3290 989 3368 reliquis
1003 3291 1066 3351 lere
1082 3288 1174 3369 duple
1189 3302 1246 3345 am·

179 3374 318 3455 pliorem;
350 3383 468 3435 etcum
491 3373 568 3436 bona
589 3373 669 3436 inter
691 3376 743 3438 bas
764 3375 929 3455 tragoedias
952 3374 1033 3436 nulla
1058 3374 1113 3448 sit,
1143 3368 1246 3453 proba·

178 3458 267 3521 bilem
295 3459 442 3538 quandam
472 3459 703 3522 mediocritatem
731 3460 862 3523 tribuere
892 3479 954 3522 non
978 3458 1068 3521 nullis
1090 3457 1244 3539 possimus,
1308 3516 1309 3521 ,

178 3544 337 3607 Herculem
353 3545 495 3607 Oetaeum
517 3545 642 3607 nimium
665 3555 808 3626 quantum
830 3545 976 3625 puerilem
994 3564 1059 3607 esse
1074 3554 1104 3606 et
1117 3551 1245 3605 oontem-

179 3631 306 3692 nendam
329 3649 432 3692 omnes
455 3648 639 3693 concessere
671 3631 756 3693 cuius
778 3630 879 3693 iudicii
901 3631 1041 3693 severitas
1055 3648 1134 3691 num
1157 3621 1243 3708 possit

177 3715 381 3777 circumscribi
412 3715 627 3796 quodammodo
655 3726 684 3778 et
711 3715 864 3778 extenuari
892 3716 923 3777 id
951 3723 1054 3795 postea
1078 3712 1243 3776 videbimus

178 3808 247 3862 ante
275 3801 375 3862 omnia
402 3801 625 3862 concedendum
651 3808 696 3862 est
718 3801 781 3863 eius
802 3801 920 3880 generis
941 3799 1124 3880 argumentis
1145 3807 1242 3860 manus

179 3904 240 3946 non
263 3893 374 3947 temere
397 3884 505 3947 dandas
528 3905 593 3948 esse
614 3885 639 3947 si
661 3885 841 3951 intellexeris
861 3885 893 3949 iu
912 3887 1002 3950 rebus
1016 3885 1149 3948 metricis
1162 3882 1242 3963 plane
