2720 4488
597 263 729 308 rutenus

123 407 169 471 sio
191 418 221 471 te
242 419 396 490 regentem
418 413 501 476 trena
523 417 663 479 nocturni
685 417 812 478 aetheris

125 493 280 557 detrahere
302 515 466 577 numquam
487 499 620 575 Thessali
643 509 747 564 cantus
769 511 880 581 queant

123 579 286 661 nullusque
308 581 345 643 de
367 591 397 644 te
419 583 542 662 gloriam
565 596 668 669 pastor
688 588 772 648 ferat.

122 665 195 726 ades
217 666 360 743 invocata,
383 667 440 729 iam
462 669 526 731 lave
547 671 634 747 votis,
656 672 725 733 dea:
888 722 904 767 ,7

122 750 222 830 ipsum
245 750 347 813 intuor
370 753 502 815 solemne
524 766 713 818 venerantem
735 774 852 817 saorum
909 806 914 817 ,

122 834 208 896 nullo
229 835 307 898 latus
329 838 488 901 eomitante
513 873 549 882 -
575 841 647 919 quid
669 837 807 903 dubitas?
830 840 910 903 dedit
1152 854 1198 905 425

122 928 242 1000 tempus
264 921 425 1002 locumque
447 942 548 986 rasus:
573 925 717 987 utendum
739 925 862 987 artibus.

122 1005 329 1085 trepidamus?
351 1008 430 1070 haud
452 1019 497 1071 est
518 1010 603 1072 laoile
624 1011 796 1072 mandatum
817 1009 916 1072 scelus
962 1052 964 1056 ι

121 1091 242 1167 audere,
263 1110 366 1153 rerum
389 1095 468 1155 iussa
491 1095 543 1174 qui
565 1095 644 1175 regis
666 1095 758 1170 timet,

122 1176 254 1256 deponat
274 1194 363 1239 omne
385 1187 416 1239 et
437 1179 527 1260 pellat
548 1199 584 1242 ex
606 1180 704 1243 animo
727 1181 832 1242 deensi

121 1261 218 1324 malus
240 1271 285 1323 est
305 1262 442 1326 minister
463 1264 539 1344 regii
560 1266 677 1346 imperii
700 1266 807 1346 pudor.

449 1416 687 1480 HIPPOLYTVS

210 1516 287 1589 Quid
309 1517 369 1579 huo
390 1518 501 1580 seniles
522 1519 599 1580 fessa
620 1519 737 1588 moliris
756 1519 874 1598 gradus,
896 1484 967 1559 W·
992 1533 1014 1565 ⁴¹ae

123 1600 219 1663 ofida
242 1602 352 1678 nutrix,
375 1603 521 1665 turbidam
543 1604 672 1666 frontem
696 1622 803 1684 gerens
852 1608 855 1615 '

122 1695 153 1750 et
174 1695 283 1749 maesta
305 1686 412 1749 vultui
434 1707 538 1770 sospes
561 1698 607 1750 ost
629 1696 709 1751 oerte
731 1707 839 1770 parens
1189 1744 1191 1751 ,

121 1789 287 1853 sospesque
309 1771 441 1835 Phaedra
463 1774 565 1856 Quis
588 1781 617 1834 et
639 1774 773 1853 geminae
796 1770 920 1871 iugum?
1021 1774 1146 1814 (ΜΨ

120 1877 205 1920 muru.
249 1857 346 1919 Metus
367 1858 493 1920 remitte.
537 1851 832 1940 prospeffie'kdum
856 1865 986 1920 instato
1009 1867 1053 1921 est
1150 1867 1195 1919 435

122 1942 287 2021 domusque
307 1943 420 2006 florens
442 1952 523 2006 sorte
543 1943 624 2005 felici
645 1945 732 2023 viget.

122 2027 176 2089 sed
198 2037 231 2088 tu
254 2027 346 2090 beatis
370 2029 470 2090 mitior
492 2028 582 2091 rebus
604 2029 686 2092 veni:

122 2130 250 2192 namque
272 2113 387 2174 anxiam
408 2133 456 2175 me
479 2132 549 2175 eura
572 2114 710 2176 sollicitat
731 2113 786 2188 tui,

122 2198 202 2278 quod
224 2206 253 2260 te
276 2199 339 2278 ipse
361 2199 468 2278 poenis
491 2199 628 2276 gravibus
649 2199 777 2278 infestus
799 2198 910 2263 domas.

120 2284 290 2362 quemdam
312 2292 433 2361 cogunt,
456 2283 505 2345 ille
528 2302 597 2345 oum
619 2285 702 2371 venia
725 2293 769 2346 est
791 2284 897 2359 miser3

121 2368 196 2430 atsi
219 2368 287 2448 quis
309 2367 387 2430 ultro
410 2388 442 2431 se
463 2369 548 2431 malis
570 2369 656 2431 ollert
679 2369 781 2430 volens

121 2472 214 2533 seque
234 2453 299 2533 ipse
321 2462 451 2532 torquet,
474 2454 600 2534 perdere
622 2462 668 2515 est
689 2454 796 2534 dignus
816 2454 895 2515 bona

123 2540 189 2618 quis
212 2537 308 2599 nescit
329 2539 383 2600 uti.
427 2539 528 2620 potius
550 2558 697 2601 annorum
721 2557 834 2601 memor

120 2632 250 2685 mentem
273 2623 386 2686 relaxa:
410 2623 548 2686 noctibus
570 2624 653 2695 lestis
676 2625 770 2686 larem
801 2627 824 2705 tl·
838 2616 871 2677 ἴ
892 2646 918 2677 »a

78 2769 85 2783 ,
119 2708 228 2784 attolle,
252 2726 338 2770 ouras
360 2708 495 2771 Baoehus
518 2717 658 2771 exoneret
681 2706 816 2789 graves;l

119 2802 211 2856 aetate
233 2794 350 2854 lruere:
374 2793 475 2855 mobili
499 2812 589 2856 eursu
612 2795 697 2873 sugit.
710 2810 796 2887 j

119 2897 201 2941 nune
222 2878 308 2940 iaoile
330 2887 444 2958 peetus,
468 2886 548 2960 grata
570 2898 653 2941 nuno
674 2878 773 2940 iuveni
795 2877 911 2939 Venus:

119 2964 231 3027 exultet
252 2963 379 3025 animus.
424 2982 479 3024 our
500 2971 566 3025 toro
588 2964 676 3026 viduo
699 2960 800 3026 iaoesl

118 3049 232 3111 tristem
255 3049 403 3110 iuventam
426 3048 522 3122 solve;
546 3068 628 3111 nune
651 3065 758 3112 cursus
780 3066 861 3128 rape,

119 3134 237 3197 effunde
259 3134 398 3210 habenas,
422 3135 552 3231 optimos
573 3134 648 3197 vitae
670 3135 732 3196 dies

118 3219 239 3282 effluere
261 3218 397 3298 prohibe.
441 3237 563 3298 propria
586 3214 742 3301 descripsit
763 3219 836 3280 deus

118 3304 214 3366 oltloia
237 3313 266 3365 et
287 3309 390 3365 aevum
411 3322 467 3383 per
489 3323 560 3367 suos
582 3304 665 3366 duxit
687 3304 812 3385 gradus:

118 3388 227 3450 laetitia
248 3390 397 3466 iuvenem,
418 3389 503 3450 lrons
526 3389 612 3451 decet
633 3391 725 3453 tristis
746 3405 859 3451 senem.
959 3440 984 3465 ,υ
1094 3456 1100 3467 ,

120 3474 190 3552 quid
211 3481 240 3536 te
262 3473 405 3536 eoberoes
427 3483 456 3536 et
479 3493 567 3536 neoas
589 3481 698 3537 rectam
720 3458 1130 3562 indolem‘lwmiztt

119 3588 321 3687 *ἓτ-

203 3725 254 3777 423
271 3724 341 3779 iavet
358 3726 383 3777 A
451 3727 501 3780 428
517 3725 586 3778 iusta
608 3725 651 3791 qui
674 3739 747 3792 reges
764 3724 837 3775 timet
852 3721 858 3790 Ι
872 3721 996 3788 deponat,
1020 3736 1095 3774 omne
1130 3722 1192 3775 ellat

1 3827 7 3837 ι
50 3794 53 3797 ’
118 3791 194 3844 codd.
213 3797 333 3845 eorreoit
349 3792 385 3846 Ν.
402 3794 528 3845 Hormus
546 3794 565 3845 l.
582 3810 602 3845 a.
676 3796 726 3846 433
745 3792 832 3845 vultus
850 3791 875 3842 A
946 3792 997 3844 438
1015 3790 1090 3842 anxia
1105 3738 1139 3842 g
1156 3820 1191 3831 -

117 3859 234 3914 sollititat
250 3861 276 3912 ld
342 3862 519 3916 tentaremus
541 3876 634 3929 gravas
652 3861 677 3912 A
744 3863 794 3914 440
813 3862 909 3927 cogunt
933 3857 974 3910 bie
997 3858 1099 3925 quidem
1119 3859 1192 3911 vivat

115 3929 191 3983 miser
208 3930 234 3980 A
302 3933 350 3983 441
372 3930 481 3998 antiquis
499 3930 566 3982 ultro
583 3929 608 3980 Ε
677 3931 728 3981 444
745 3928 874 3981 montibus
891 3927 917 3977 A
984 3929 1034 3981 445
1052 3926 1191 3992 baehuslll

117 4001 166 4051 449
183 3998 258 4051 luxus
282 4013 344 4065 rape
361 3999 386 4050 A
453 4002 505 4053 454
522 3997 653 4051 robereets
671 4000 700 4065 (i.
719 4014 740 4050 o.
759 4013 772 4050 s
789 4013 840 4065 pro
858 4000 878 4061 t)
897 3995 923 4047 ll

932 4079 987 4135 10*
