2648 4478
466 279 514 343 'llll
536 276 730 320 aucunsnuuls
751 276 930 319 amoenans.

292 431 353 493 463
376 448 452 491 nuuc
466 428 539 490 alter
553 427 645 490 oberit
659 445 725 507 erpo
741 430 800 488 ium
814 446 972 507 numquam
988 428 1057 489 duos
1071 425 1123 488 Aa

657 530 723 592 erpo
737 531 894 592 numquam
909 513 980 574 duos
992 510 1061 592 Mel.
1078 510 1152 572 ΝΜ

164 598 216 677 qui
225 614 328 658 versus
339 598 500 676 praecipue
511 597 640 658 nativum
652 597 750 676 arguit
761 615 950 659 consensum.
965 596 1059 675 magis
1071 597 1161 658 etiam
1172 615 1206 658 v.
1218 598 1268 664 ‚62

212 701 311 763 repom
325 681 504 754 abnuentem,
519 684 643 761 diripera
658 681 959 761 inuitumprcdumd

657 770 744 829 inuata·
755 768 878 846 predum
892 766 919 827 Ε

657 855 782 913 invitum
792 861 908 932 potrum
926 850 993 913 Mel.

657 940 781 998 inuitum
792 947 906 1015 putrem
920 935 965 997 vel
977 936 1101 1015 modum
1117 934 1198 997 MN

164 1039 252 1100 quam
267 1020 443 1100 scripturam
458 1021 502 1080 sic
516 1028 612 1081 natam
629 1037 693 1083 esse
714 1027 804 1099 patet,
826 1031 859 1083 ut
878 1021 910 1082 in
925 1023 954 1081 Σ
965 1023 1089 1100 modum
1108 1001 1264 1100 adscrip-

164 1114 228 1167 tum
244 1115 322 1167 esset
336 1106 372 1167 ad
387 1105 417 1166 id
431 1106 512 1184 quod
527 1105 558 1166 in
574 1104 731 1167 verborum
746 1113 886 1167 contextu
901 1106 1016 1167 extabat
1029 1116 1152 1186 putrem.

249 1190 286 1252 ad
300 1190 431 1251 Medeam
446 1188 627 1251 accedamus.
658 1190 690 1251 in
705 1208 764 1268 qua
779 1190 959 1253 dissentiunt
972 1210 989 1251 a
1004 1190 1139 1252 Melisseo
1155 1209 1189 1250 v.
1210 1191 1259 1254 92

163 1279 213 1337 uir
232 1275 312 1355 lonpe
332 1286 445 1355 superet
465 1278 544 1337 uiros
565 1279 604 1353 (c.
627 1275 647 1336 l.
668 1286 702 1337 ut
719 1287 836 1355 superat
857 1295 885 1337 u.
907 1275 997 1353 Mel).
1034 1277 1096 1340 669
1117 1279 1205 1337 iusso
1225 1273 1263 1336 Ν

164 1362 240 1436 (otoo
255 1360 322 1421 Mel.
345 1360 397 1420 sed
418 1361 493 1433 dico,
514 1358 594 1438 quod
617 1359 735 1439 Lipsius
757 1360 932 1434 coniecerat,
955 1359 991 1421 M
1008 1358 1097 1421 habet
1116 1359 1136 1420 i.
1157 1362 1258 1437 ras).

163 1444 272 1525 quibus
283 1445 349 1505 vitia
361 1446 503 1524 quaedam
514 1446 683 1506 communia
698 1447 875 1525 opposuisse
890 1446 960 1507 satis
975 1447 1045 1507 erit:
1061 1464 1088 1505 v.
1101 1448 1142 1508 36
1157 1447 1259 1509 curvi

163 1530 230 1592 Mel.
246 1528 282 1589 M
298 1533 324 1592 l.
336 1548 375 1593 m.
391 1529 423 1590 N
436 1528 538 1609 (puri)
552 1531 601 1606 ¹¹).
635 1530 694 1592 198
710 1546 769 1592 com
783 1528 850 1591 Mel.
867 1528 909 1590 M.
938 1530 1001 1593 204
1016 1541 1101 1611 caput
1116 1528 1256 1609 (putet).

164 1617 226 1678 214
249 1626 360 1677 coercet
381 1614 448 1676 Mel.
472 1612 507 1673 M
519 1618 539 1674 i.
555 1632 614 1675 ras.
659 1615 721 1677 236
741 1615 866 1692 flamina
886 1615 1043 1695 (slopa'tio).
1090 1617 1151 1677 345
1172 1631 1256 1693 per-

163 1711 239 1779 perat
259 1697 449 1781 (spumaret).
483 1701 544 1762 393
567 1699 664 1761 induit
682 1698 770 1761 scelus
787 1698 928 1777 (medium
942 1698 1008 1779 sc).
1042 1699 1106 1761 eius
1121 1699 1256 1777 generis

163 1784 357 1864 corruptelis,
384 1801 457 1863 quas
478 1802 565 1845 nemo
586 1801 726 1862 umquam
749 1785 951 1845 correctorio
975 1783 1107 1845 codicem
1129 1782 1255 1857 intulit,

164 1869 330 1930 communis
342 1869 427 1946 origo
439 1877 519 1930 extra
531 1867 743 1929 dubitationem
754 1868 886 1947 ponitur.
905 1870 1101 1949 ctpraeterea
1112 1867 1193 1930 Med.
1205 1870 1251 1931 55

163 1972 235 2034 punc
248 1953 348 2015 sectere
358 1963 446 2032 porto
461 1963 501 2015 est
514 1953 615 2015 scelera
629 1953 783 2033 laboucudc
796 1963 836 2015 cat
857 1953 998 2017 domusld
1026 1954 1177 2033 linquatur
1194 1953 1253 2015 do-

162 2057 228 2101 mus
256 2037 315 2099 ΑΝ
348 2049 506 2119 rumpatur
525 2037 595 2118 [ides
611 2037 679 2099 Mel.
700 2050 856 2119 rumpatur
877 2040 976 2101 donnus
990 2037 1026 2099 M
1044 2042 1127 2119 (pecc
1139 2038 1254 2101 scelere
1277 2102 1286 2112 „

159 2135 245 2204 poeto
259 2134 300 2185 est
315 2120 384 2185 Mel.
403 2123 434 2184 M
452 2127 479 2185 1.
494 2126 564 2196 ml:
589 2122 805 2185 correctionem
826 2124 939 2204 recepit
956 2133 1048 2185 totam
1068 2122 1106 2197 N,
1125 2131 1251 2202 partem

164 2218 278 2271 tantum
295 2206 337 2269 M.
371 2207 578 2288 discrepantiis
589 2207 680 2285 igitur
694 2226 767 2286 quas
783 2209 933 2270 attulimus
949 2209 979 2269 id
994 2226 1087 2270 unum
1103 2208 1249 2284 efficitur,

165 2313 227 2356 non
243 2312 279 2355 ex
294 2292 430 2355 Melissea
445 2293 511 2373 ipso
526 2293 578 2354 bas
593 2293 758 2372 tragoedias
773 2293 912 2373 pendere,
934 2295 986 2355 sed
1000 2312 1037 2354 ex
1050 2292 1153 2354 codice
1176 2293 1250 2354 eius

164 2378 288 2458 gemello
304 2378 355 2458 qui
370 2388 422 2440 aut
435 2376 613 2440 correctoris
628 2396 748 2439 manum
771 2377 868 2457 aliqua
889 2397 925 2440 ex
946 2387 1030 2458 parte
1049 2396 1155 2457 passus
1177 2393 1248 2440 erat

163 2473 214 2527 aut
236 2463 387 2544 archetypi
409 2470 594 2524 correcturas
615 2480 675 2523 non
699 2480 804 2524 omnes
824 2463 1036 2543 adsumpserat.
1069 2460 1248 2525 Melisseum

163 2568 232 2611 vero
259 2567 327 2610 cum
351 2556 468 2628 praeter
493 2547 657 2627 scripturas
682 2566 750 2608 cum
774 2547 900 2610 Etrusco
927 2564 1101 2609 communes
1124 2546 1248 2627 proprii

163 2636 238 2698 nibil
253 2633 361 2696 habere
376 2633 483 2694 videris
497 2631 555 2693 nisi
569 2632 673 2693 vitiosa
691 2639 721 2693 et
738 2632 926 2712 interpolata,
949 2640 1080 2695 ceterum
1102 2632 1246 2711 pessimis

164 2738 226 2781 non
251 2719 405 2781 meliorem
426 2736 507 2794 esse,
533 2724 614 2778 certe
634 2724 664 2778 et
689 2717 829 2796 gaudebis
851 2718 992 2793 testibus,
1019 2716 1127 2796 quibus
1153 2717 1245 2779 istius

163 2804 231 2865 libri
252 2805 325 2866 lldes
339 2803 485 2865 aestimari
505 2803 601 2883 possit
622 2812 652 2863 et
673 2818 788 2864 mecum
811 2803 923 2871 nullam
946 2803 977 2864 in
999 2811 1151 2882 posterum
1175 2803 1244 2862 eius

163 2893 344 2953 mentionem
360 2888 522 2950 faciendam
538 2905 603 2949 esse
614 2886 750 2948 censebis
761 2890 810 2963 ¹²).
837 2895 920 2949 crtus
935 2888 1015 2948 enim
1030 2886 1244 2948 estMelisseus

164 2994 200 3037 ex
218 2969 299 3036 libro'
315 2974 508 3053 interpolatae
530 2981 643 3047 sectae,
666 2990 754 3051 quem
775 2972 877 3035 nescio
900 2973 967 3053 quis
991 2991 1026 3034 ex
1040 2971 1167 3033 Etrusco
1190 2979 1244 3032 aut
1302 3044 1307 3053 ¹

164 3059 228 3122 eius
239 3066 364 3139 cognato
376 3059 416 3119 ita
427 3056 538 3136 passim
549 3058 686 3133 correxit,
701 3064 735 3118 ut
750 3077 826 3136 quae
841 3057 1022 3119 adscriberet
1035 3056 1071 3118 ad
1086 3055 1244 3118 libidinem

164 3145 371 3205 conformaret.
408 3142 488 3204 illius
507 3141 576 3203 libri
596 3142 655 3202 duo
678 3141 780 3203 saltem
805 3143 976 3222 apographa
1000 3143 1057 3203 iam
1084 3140 1242 3203 novimuse
1286 3193 1288 3198 .

163 3228 331 3290 Melisseum
343 3228 477 3300 alterum,
490 3227 616 3287 alterum
627 3226 762 3287 codicum
775 3226 807 3287 M
819 3226 887 3288 etN
895 3228 926 3288 in
939 3225 1110 3287 Phoenissis
1117 3224 1243 3286 Medeae

163 3332 189 3373 v.
216 3315 339 3377 1-700
363 3323 391 3374 et
414 3310 531 3374 Octavia
554 3313 757 3391 archetypum.
791 3329 859 3373 nam
881 3311 918 3373 66
944 3310 1091 3373 Octaviam
1118 3328 1243 3390 quoque

214 3472 218 3478 “
251 3465 283 3528 ¹¹)
300 3479 325 3516 ν.
339 3465 382 3515 ltl
404 3467 429 3512 m
445 3465 531 3528 ipsam
549 3460 609 3512 cide
626 3459 705 3526 (Mel.)
723 3461 792 3528 quod
810 3476 860 3512 non
879 3438 950 3514 extat
963 3461 990 3513 in
1004 3460 1037 3512 M
1039 3457 1076 3525 Ν,
1092 3460 1119 3511 in
1128 3457 1242 3513 Melissei

162 3532 304 3601 archetypo
321 3528 464 3582 ad'Madao
481 3530 516 3594 (v.
535 3530 593 3592 171)
609 3530 664 3582 sive
681 3528 714 3580 ad
732 3532 777 3580 cuc·
793 3532 843 3580 eim
860 3529 934 3580 vides
950 3530 976 3580 in
994 3527 1084 3581 eodem
1101 3542 1177 3580 versu
1194 3527 1241 3579 ad·

162 3601 285 3669 scriptum
302 3603 356 3653 erat
374 3614 387 3650 6
404 3599 500 3651 lectore
517 3597 635 3664 quodam.
657 3612 682 3649 v.
693 3599 743 3650 388
762 3597 853 3649 ocutos
869 3599 947 3648 uberi
962 3598 1028 3659 (latu
1045 3599 1122 3662 rigat
1138 3595 1162 3646 Ε
1179 3593 1239 3648 Mel.

65 3675 69 3681 '
163 3688 179 3723 o
196 3672 289 3736 supera·
306 3669 397 3719 oculos
414 3666 434 3728 f.
451 3684 475 3717 r.
486 3667 518 3733 A,
537 3680 553 3715 o
571 3668 663 3732 cupere·
680 3680 730 3717 om.
739 3664 769 3716 N
772 3663 808 3716 M.
834 3665 942 3717 fortasse
959 3667 1038 3716 uberi
1053 3664 1078 3715 in
1097 3662 1239 3730 archetypo

163 3753 262 3792 erasum
287 3742 341 3789 erat
364 3740 391 3789 et
412 3735 545 3802 vulgatum
567 3733 594 3786 in
618 3733 731 3798 margine
753 3733 917 3801 adscriptum.
958 3731 1027 3799 quod
1051 3730 1144 3784 accidit
1170 3735 1240 3784 certe

162 3806 257 3859 Phoen.
277 3807 326 3858 393
337 3806 399 3855 dinc
417 3809 497 3870 atque
515 3804 578 3853 binc
594 3807 652 3852 ruit
668 3800 693 3852 Ε
710 3800 768 3854 Mel.
784 3802 847 3852 binc
864 3808 943 3868 atque
955 3802 1033 3853 illinc
1044 3803 1102 3852 ruit
1112 3796 1145 3850 M
1150 3798 1239 3863 (illinc

83 3912 87 3921 .
163 3890 194 3927 ex
211 3872 389 3939 interpolatis).
416 3885 515 3922 erasum
534 3874 588 3922 erat
605 3869 712 3920 alterum
730 3870 802 3921 binc.
828 3869 915 3937 itaque
932 3867 963 3921 Ν
966 3889 975 3920 .·
994 3869 1057 3919 binc
1075 3873 1155 3933 atque
1172 3871 1237 3919 ruit.

250 3940 282 4003 ¹²)
298 3939 348 3989 iam
367 3937 482 3988 conteras
501 3951 595 4004 quaeso
613 3935 1024 4004 Phoen.193-1aaqua1escum
1039 3935 1104 3987 libro
1116 3949 1163 3987 suo
1176 3949 1236 3987 ccu-

162 4006 229 4058 latos
246 4004 407 4070 transcripsit
423 4004 531 4070 lipsius.
