2720 4488
182 191 243 257 184
564 209 592 250 n.
616 208 720 251 suanm
741 208 869 253 scaccis

181 379 240 420 non.
295 358 329 421 ln
352 364 417 419 voto
437 376 565 438 superos
587 376 658 420 voce
681 355 818 433 sollemni
840 376 910 420 voca
932 351 1117 433 oedem

182 462 307 522 arasque
330 443 409 504 dono
430 444 506 505 turis
529 443 583 504 Eoi
606 450 717 505 extrue.
1102 440 1123 531 (
1221 454 1278 505 305

181 549 249 591 nau.
293 529 440 590 tumturn
464 528 555 591 sacris
577 528 713 591 caelitum
736 527 845 607 ingessi
870 527 953 589 iocis.

182 633 239 675 rra.
295 612 371 686 Quid
394 610 532 674 damma?
554 614 650 692 targas
672 612 768 677 iamne
790 611 978 693 comprendit
1000 609 1115 692 dapes?

181 718 249 759 usu.
294 697 398 759 Subito
410 697 537 783 refulsit
557 698 670 761 lumine
692 706 721 759 et
742 696 840 761 subito
863 697 979 759 occidit.

181 803 239 847 rto.
293 776 436 845 Vtriimne
459 781 555 849 clarus
577 784 655 863 ignis
677 794 707 845 et
729 782 840 845 nitidus
862 783 943 846 stetit

181 877 341 948 rectusque
365 885 471 948 purum
494 868 633 930 verticem
656 866 737 929 caelo
758 867 826 930 tulit

176 963 212 1015 et
233 970 375 1015 summam
400 952 429 1012 in
453 970 548 1037 auras‘
561 955 646 1017 fusus
669 951 810 1031 explicuit
832 949 969 1015 comum?

182 1057 217 1099 an
241 1037 330 1099 latera
354 1037 431 1098 circa
455 1039 548 1118 serpit
569 1038 703 1100 incertus
724 1037 786 1099 vioe

182 1132 211 1185 et
233 1123 395 1184 fluctuante
417 1122 553 1185 turbidus
576 1125 657 1184 tomo
680 1119 782 1184 tabat?

181 1227 249 1268 unu.
294 1206 359 1268 Non
384 1225 444 1268 una
465 1208 553 1269 iacies
575 1207 691 1269 mobilis
712 1208 845 1271 flammeo
866 1207 938 1269 tuit:
969 1170 1005 1277 ι,

182 1291 331 1354 imbrifera
353 1290 449 1372 qualis
472 1291 603 1373 implicat
624 1292 720 1355 varios
742 1292 797 1355 sibi
1214 1303 1265 1355 335

181 1377 236 1438 Iris
260 1378 385 1451 colores,
407 1387 491 1457 parte
513 1395 589 1457 quae
611 1395 717 1457 magna
740 1378 801 1458 poli

182 1471 298 1525 curvata
321 1463 400 1542 picto
425 1461 541 1524 nuntiat
563 1462 680 1527 nimbos
702 1463 770 1524 sinu
906 1510 911 1531 ,
940 1518 948 1549 ,ι

179 1548 260 1626 (quis
283 1547 358 1609 asso
380 1546 422 1608 troi
445 1547 530 1626 quite
553 1548 591 1609 so
613 1547 728 1610 annom
751 1547 854 1624 soror),
872 1522 1061 1615 ccedet
1081 1530 1249 1631 queret

181 1632 315 1694 caemlea
338 1632 424 1694 fulvis
445 1632 533 1696 mixta
556 1633 702 1694 oberravit
724 1632 813 1707 notis,
1086 1652 1093 1669 ⁴

181 1717 342 1796 sanguinea
366 1735 486 1791 rursus;
509 1717 610 1783 ultima
634 1718 664 1779 in
687 1718 824 1780 tenebras
845 1716 914 1781 abit.
1213 1728 1263 1780 333

181 1801 233 1863 sed
257 1821 326 1864 ecce
348 1820 467 1882 pugnax
489 1802 567 1880 ignis
590 1803 620 1865 iu
645 1811 743 1883 partes
765 1803 837 1866 duos
895 1820 1004 1911 tm
1028 1852 1042 1900 Ρ
1075 1818 1272 1889 tnqfflq„

181 1886 304 1949 discedit
326 1898 353 1949 et
374 1905 407 1948 se
429 1887 539 1953 scindit
559 1889 649 1949 unius
671 1887 748 1950 sacri

181 1971 295 2051 discors
316 1971 410 2032 favilia
433 2007 474 2017 —
519 1974 646 2052 genitor,
668 1975 809 2035 horresco
832 1972 968 2035 intuens:

180 2056 268 2118 libata
289 2055 398 2119 Bacchi
420 2057 497 2118 dona
520 2065 668 2137 permutat
690 2075 779 2119 eruor

79 2188 84 2201 .
181 2142 329 2221 ambitque
353 2142 463 2204 densus
484 2143 599 2220 regium
621 2144 721 2204 dumus
743 2150 832 2222 caput
1209 2151 1258 2204 335

181 2227 322 2306 ipsosque
343 2227 421 2288 circa
444 2227 568 2307 spissior
588 2226 686 2291 vultus
709 2228 790 2291 sedet
826 2244 857 2279 c=
896 2246 937 2273 »ι’

182 2320 212 2373 et
233 2312 313 2373 nube
336 2311 424 2373 densa
448 2312 593 2374 sordidam
617 2312 713 2374 iucem
736 2311 856 2375 abdidit.

1042 1924 1116 1989 'Pr‘
1189 1952 1262 1991 nmo

181 2396 252 2475 quid
275 2396 322 2469 sit,
345 2414 464 2476 parens,
487 2397 585 2459 edane.
629 2416 686 2459 rin.
731 2396 807 2469 Quid
831 2396 885 2457 tari
908 2413 1013 2477 queam

181 2482 259 2543 inter
280 2480 425 2543 tumultus
447 2482 555 2543 mentis
576 2483 717 2545 attonitae
739 2477 853 2559 vagus?

181 2566 321 2646 quidnam
343 2563 472 2646 loquar?
502 2574 573 2629 sunt
596 2566 667 2640 dira,
690 2567 794 2629 sedin
818 2566 877 2627 alto
899 2567 990 2639 malm
1208 2575 1255 2627 333

181 2652 255 2712 solet
277 2650 319 2713 ira
342 2650 430 2712 certis
452 2652 609 2714 numinum
632 2652 746 2714 ostendi
771 2651 865 2727 notis:

181 2735 252 2816 quid
275 2735 352 2797 istud
376 2744 420 2798 est
442 2737 523 2815 quod
545 2755 611 2799 esse
633 2738 781 2816 prolatum
804 2735 906 2799 volunt

118 2880 123 2895 ,
181 2821 348 2900 iterumque
372 2821 480 2884 nolunt
502 2831 530 2884 et
552 2830 651 2884 truces
673 2822 733 2885 iras
753 2818 883 2901 tegunt?

41 2896 171 2989 :taem
225 2906 272 2967 det
295 2907 367 2967 deos
389 2905 490 2968 nescio
514 2908 595 2987 quid.
639 2909 699 2970 hue
721 2925 850 2988 propere
871 2906 992 2971 admove

39 3018 128 3057 ota-
143 3028 158 3043 ψ
222 2978 338 3070 ‘diunge
361 2991 436 3052 salsa
458 2991 533 3053 colla
554 3001 708 3055 taurorum
731 2991 817 3053 mola.

181 3075 336 3155 placidone
358 3074 440 3139 vultu
463 3095 545 3138 sacra
568 3086 597 3140 et
618 3077 751 3139 admotas
773 3094 879 3138 manus

180 3157 356 3240 patiuntur?
399 3180 468 3222 unu.
513 3161 611 3226 Altum
635 3172 739 3225 taurus
761 3160 899 3224 attollens
920 3168 1009 3239 caput

180 3244 294 3324 primos
316 3243 351 3306 ad
375 3252 459 3307 ortus
480 3246 596 3327 positus
619 3247 733 3326 expavit
754 3246 831 3307 diem

180 3328 375 3409 trepidusque
398 3329 509 3393 vultum
533 3330 606 3393 solis
626 3341 657 3393 et
677 3331 775 3393 radios
797 3329 882 3407 fugit.

180 3432 237 3476 orn.
292 3413 397 3485 Vndne
418 3424 525 3477 terram
549 3416 670 3497 vulnere
691 3415 791 3477 afflicti
813 3410 942 3495 petunt?
1205 3422 1246 3473 ato

180 3518 248 3560 usu.
293 3498 418 3563 Iuvenca
440 3500 520 3562 ferro
543 3509 637 3562 semet
659 3496 796 3581 imposito
820 3499 916 3561 induit
942 3488 962 3549 i'
1020 3518 1023 3529 ·
1063 3488 1209 3559 1²³,th

181 3592 210 3649 et
231 3584 354 3647 vulnere
376 3586 437 3651 u'no
460 3586 575 3662 cecidit,
597 3594 627 3649 at
648 3594 751 3648 taurus
773 3584 848 3647 duos
954 3626 959 3653 i
1106 3594 1110 3611 ·

266 3806 314 3859 333
334 3802 526 3870 comprehendit
543 3805 569 3854 A
621 3804 816 3858 3081umeuA
869 3806 918 3857 316
936 3802 998 3855 hiris
1016 3803 1041 3855 Ε
1097 3804 1146 3857 318
1165 3801 1244 3868 quisve

177 3872 203 3920 A
272 3873 322 3923 330
340 3870 458 3922 ultimum
475 3872 501 3922 A
569 3873 620 3925 stt
643 3872 717 3924 bachi
735 3872 760 3923 Ε
830 3873 879 3924 329
898 3885 979 3938 vagos
996 3873 1021 3922 A
1070 3873 1142 3924 ΙΙ333
1160 3873 1242 3931 omos

178 3939 228 3988 333
247 3937 319 3999 sotis]
338 3937 452 4004 obliquat
469 3940 496 3988 A
564 3942 612 3993 341
634 3940 752 4006 opposito
770 3941 796 3990 A
