2658 4488
138 176 201 240 244
518 193 548 234 ι.
570 190 677 235 annau
698 190 826 235 sunnone

136 363 200 406 rra.
243 343 341 419 Hune,
362 344 444 405 hune
465 342 597 406 furorem
618 341 713 405 divide
735 342 766 407 in
788 352 880 405 totam
902 344 1039 407 domum!

137 430 191 505 sie,
213 428 256 491 sio
276 429 411 491 ferantur
432 436 462 490 et
482 446 570 491 suum
592 427 702 489 infensi
724 427 849 490 inrioern

139 514 239 576 sitiant
260 532 406 576 eruorem.
450 512 540 575 sentit
562 512 701 574 introitus
722 522 791 575 tuos

138 599 245 661 domus
265 608 296 660 et
316 598 443 661 nefando
465 606 527 661 tota
548 608 687 661 contactu
708 597 833 660 horruit
1002 664 1019 689 ς

138 693 237 746 aetum
259 693 304 745 est
324 683 451 747 abunde.
497 682 622 763 gradere
643 684 679 744 ad
701 682 836 749 infernos
857 702 965 765 speeus

139 786 317 850 amnemque
339 778 459 844 notum;
482 767 540 831 iarn
562 779 647 830 tuum
668 779 795 832 maestae
817 769 923 850 pedem

138 864 234 919 terrae
255 863 430 934 gravantur:
453 854 552 916 cernis
574 863 607 915 ut
628 854 727 915 fontes
748 854 848 934 liquor
877 916 880 921 ⁴

139 939 287 1001 introrsus
307 949 390 1001 aetus
410 939 539 1020 linquat,
561 948 594 1000 ut
614 939 697 1020 ripae
719 947 822 1001 vaoent

139 1036 305 1105 ventusque
326 1043 408 1086 raras
429 1025 535 1103 igneus
557 1022 652 1086 nuhes
675 1021 770 1085 serati

140 1109 275 1191 pallescit
296 1109 393 1171 omnis
414 1108 503 1171 arhor
523 1127 559 1171 ao
580 1107 678 1185 nudus
700 1110 779 1171 stetit
874 1130 881 1143 ¹

139 1193 274 1274 fugiente
295 1212 518 1275 poneremus,
541 1204 570 1255 et
592 1212 651 1275 qua
672 1194 812 1257 fluetibus

140 1278 224 1341 illino
244 1278 422 1361 propinquis
442 1278 572 1341 Isthmos
593 1289 682 1360 atque
704 1278 786 1343 illine
809 1279 907 1344 fremit

139 1364 236 1427 vicina
257 1364 358 1445 gracili
380 1365 513 1427 dividens
533 1372 614 1431 terra
635 1364 717 1440 vada,

141 1449 232 1528 longe
253 1460 386 1512 remotos
407 1449 479 1511 litus
500 1450 618 1512 exaudit
639 1468 739 1511 sonos.

141 1534 200 1595 iam
223 1534 317 1597 Lerna
339 1545 418 1597 retro
440 1534 529 1597 cessit
550 1543 580 1596 et
600 1534 785 1597 Phoronides

141 1620 254 1682 latuere
275 1639 366 1682 venae
388 1639 445 1683 neo
466 1638 535 1682 suas
557 1621 671 1702 profert
692 1639 774 1683 saeer

141 1703 272 1786 Alpheos
294 1706 388 1768 undas
410 1716 440 1767 et
461 1704 647 1767 Cithaeronis
669 1705 735 1789 iuga

143 1799 221 1852 stant
242 1800 327 1873 parte
348 1789 430 1852 nulla
452 1809 525 1853 cana
547 1790 679 1872 deposita
701 1792 767 1853 nire

142 1875 307 1957 timentque
326 1885 456 1938 veterem
477 1875 594 1938 nobiles
615 1877 687 1957 Argi
710 1876 797 1938 sitim.

145 1979 182 2022 en
204 1962 269 2043 ipse
291 1961 376 2023 Titan
399 1960 513 2023 dubitat
534 1980 572 2022 an
595 1960 693 2023 iubeat
715 1961 800 2042 sequi
886 2028 893 2033 ,

144 2055 290 2127 cogatque
311 2045 435 2108 habenis
456 2047 498 2108 ire
520 2047 685 2128 periturum
707 2042 875 2159 diuus

436 2194 595 2271 cfloavss

299 2303 394 2379 Argos
415 2300 452 2361 de
474 2300 591 2381 superis
611 2301 637 2360 si
659 2300 726 2380 quis
749 2300 909 2363 Achaicum

231 2383 406 2483 Pisaeasque
427 2384 532 2445 domos
554 2383 691 2446 eurrihus
713 2385 840 2458 inolitas,

231 2468 380 2531 Isthmi
356 2468 470 2550 siquis
492 2478 570 2531 amat
589 2488 681 2549 regna
703 2431 849 2531 Corinthii

233 2564 262 2615 et
283 2563 388 2635 portus
408 2555 544 2634 geminos
566 2566 596 2616 et
617 2573 698 2641 mare
720 2555 875 2630 dissidens,

235 2638 260 2700 si
282 2640 349 2720 quis
370 2639 491 2720 Taygeti
514 2636 691 2720 eonspiouas
713 2642 805 2716 nives,

233 2742 307 2805 quas
328 2742 396 2785 oum
420 2724 599 2788 Sarmaticus
620 2736 760 2823 tempore
775 2725 882 2822 frigido

233 2810 264 2870 in
288 2809 411 2871 summis
432 2809 542 2872 Boreas
564 2811 731 2891 composuit
752 2808 838 2891 iugis,

233 2903 328 2956 aestas
347 2893 476 2957 veliferis
497 2894 584 2957 solvit
604 2895 721 2970 Etesiis,

235 2997 322 3059 quem
344 2980 441 3059 tangit
463 2979 561 3059 gelido
583 2981 707 3043 flumine
728 2979 844 3043 luridus

235 3063 375 3145 Alpheos,
395 3065 490 3126 stadio
513 3077 602 3126 notus
626 3065 864 3149 Olympico

234 3149 365 3211 advertat
386 3149 534 3231 placidum
556 3169 667 3211 numen
691 3160 720 3212 et
741 3160 848 3226 arceat,

234 3234 364 3297 alternae
386 3235 532 3298 scelerum
554 3253 592 3296 ne
612 3236 734 3297 redeant
755 3235 833 3298 vides

235 3338 291 3380 nee
312 3321 450 3382 sueeedat
469 3339 523 3382 avo
545 3320 673 3381 deterior
694 3338 789 3400 nepos

236 3415 265 3465 et
286 3405 380 3465 maior
400 3405 516 3486 placeat
537 3404 624 3485 eulpa
647 3404 821 3466 minorihus.
1180 3412 1224 3463 135

235 3488 354 3552 tandem
375 3489 451 3552 lassa
472 3489 552 3552 ieros
574 3500 660 3552 eruat
681 3491 809 3570 impetus

208 3659 284 3709 „101
304 3657 485 3713 nunonis!
548 3660 594 3710 103
612 3657 735 3709 sensitA
794 3662 844 3713 104
863 3653 1223 3711 nefaudo:oaea1m.E

155 3727 202 3779 106
220 3730 317 3779 tuom
333 3723 442 3791 pedeA
513 3724 702 3778 lddiontisE
771 3731 819 3782 111
838 3743 882 3794 qur
903 3727 981 3779 oedd
998 3727 1108 3778 corraei
1175 3726 1224 3776 114

151 3792 220 3845 latus
236 3793 292 3844 A
333 3742 421 3846 plia
415 3807 465 3844 ram
483 3798 550 3845 terra
566 3793 592 3844 E
672 3796 720 3848 116
737 3809 822 3849 sacras
840 3794 918 3849 eodd.
936 3799 1058 3848 corrosit
1076 3792 1222 3846 Gronovius

153 3861 207 3917 117
214 3856 334 3937 Alpheus
352 3854 423 3937 As
457 3862 504 3914 123
521 3860 767 3930 Pisaeisque§.-
787 3860 898 3917 turribus
916 3863 941 3913 A
1011 3864 1059 3916 124
1077 3850 1183 3914 cherinti
1198 3857 1223 3909 E

155 3927 202 3977 132
219 3925 341 3990 placitum
358 3927 383 3978 Ε
