<?xml version="1.0" encoding="UTF-8"?>
<!DOCTYPE html PUBLIC "-//W3C//DTD XHTML 1.0 Transitional//EN"
    "http://www.w3.org/TR/xhtml1/DTD/xhtml1-transitional.dtd">
<html xmlns="http://www.w3.org/1999/xhtml" xml:lang="en" lang="en">
 <head>
  <title>
</title>
<meta http-equiv="Content-Type" content="text/html;charset=utf-8" />
  <meta name='ocr-system' content='tesseract 3.04.00' />
  <meta name='ocr-capabilities' content='ocr_page ocr_carea ocr_par ocr_line ocrx_word'/>
</head>
<body>
  <div class='ocr_page' id='page_1' title='image "./lannaeisenecaet00leogoog_0123.png"; bbox 0 0 2686 4482; ppageno 0'>
   <div class='ocr_carea' id='block_1_1' title="bbox 166 173 958 234">
    <p class='ocr_par' dir='ltr' id='par_1_1' title="bbox 166 173 958 234">
     <span class='ocr_line' id='line_1_1' title="bbox 166 173 958 234; baseline -0.001 -2"><span class='ocrx_word' id='word_1_1' title='bbox 166 173 226 234; x_wconf 88' lang='lat'><strong>110</strong></span> <span class='ocrx_word' id='word_1_2' title='bbox 437 189 474 232; x_wconf 83' lang='lat' dir='ltr'><strong>nn</strong></span> <span class='ocrx_word' id='word_1_3' title='bbox 496 187 720 231; x_wconf 77' lang='lat' dir='ltr'><strong>anrnrnsronvu</strong></span> <span class='ocrx_word' id='word_1_4' title='bbox 742 187 958 232; x_wconf 77' lang='lat' dir='ltr'><strong>comesuroun.</strong></span> 
     </span>
    </p>
   </div>
   <div class='ocr_carea' id='block_1_2' title="bbox 161 338 1237 505">
    <p class='ocr_par' dir='ltr' id='par_1_2' title="bbox 161 338 1237 505">
     <span class='ocr_line' id='line_1_2' title="bbox 162 338 1235 420; baseline 0.002 -20"><span class='ocrx_word' id='word_1_5' title='bbox 162 339 327 414; x_wconf 79' lang='lat' dir='ltr'><strong>statuimus,</strong></span> <span class='ocrx_word' id='word_1_6' title='bbox 349 339 537 401; x_wconf 87' lang='lat' dir='ltr'><strong>manifestum</strong></span> <span class='ocrx_word' id='word_1_7' title='bbox 559 348 604 400; x_wconf 89' lang='lat' dir='ltr'><strong>est</strong></span> <span class='ocrx_word' id='word_1_8' title='bbox 626 338 826 400; x_wconf 86' lang='lat' dir='ltr'><strong>difficultatem</strong></span> <span class='ocrx_word' id='word_1_9' title='bbox 849 357 936 418; x_wconf 85' lang='lat' dir='ltr'><strong>quam</strong></span> <span class='ocrx_word' id='word_1_10' title='bbox 959 338 989 399; x_wconf 91' lang='lat' dir='ltr'><strong>in</strong></span> <span class='ocrx_word' id='word_1_11' title='bbox 1008 347 1235 420; x_wconf 86' lang='lat' dir='ltr'><strong>anapaestorum</strong></span> 
     </span>
     <span class='ocr_line' id='line_1_3' title="bbox 161 423 1237 505; baseline 0.001 -19"><span class='ocrx_word' id='word_1_12' title='bbox 161 425 304 505; x_wconf 74' lang='lat' dir='ltr'><strong>synaphia</strong></span> <span class='ocrx_word' id='word_1_13' title='bbox 326 443 430 504; x_wconf 89' lang='lat' dir='ltr'><strong>parum</strong></span> <span class='ocrx_word' id='word_1_14' title='bbox 453 424 606 485; x_wconf 87' lang='lat' dir='ltr'><strong>observata</strong></span> <span class='ocrx_word' id='word_1_15' title='bbox 628 424 711 485; x_wconf 89' lang='lat' dir='ltr'><strong>sitam</strong></span> <span class='ocrx_word' id='word_1_16' title='bbox 735 442 800 484; x_wconf 91' lang='lat' dir='ltr'><strong>esse</strong></span> <span class='ocrx_word' id='word_1_17' title='bbox 822 423 962 498; x_wconf 89' lang='lat' dir='ltr'><strong>creditur,</strong></span> <span class='ocrx_word' id='word_1_18' title='bbox 984 423 1082 505; x_wconf 81' lang='lat' dir='ltr'><strong>aliqua</strong></span> <span class='ocrx_word' id='word_1_19' title='bbox 1099 437 1237 505; x_wconf 85' lang='lat' dir='ltr'><strong>exparte</strong></span> 
     </span>
    </p>
   </div>
   <div class='ocr_carea' id='block_1_3' title="bbox 160 509 1324 587">
    <p class='ocr_par' dir='ltr' id='par_1_3' title="bbox 160 509 1324 587">
     <span class='ocr_line' id='line_1_4' title="bbox 160 509 1324 587; baseline 0.002 -17"><span class='ocrx_word' id='word_1_20' title='bbox 160 509 260 571; x_wconf 87' lang='lat' dir='ltr'><strong>levari.</strong></span> <span class='ocrx_word' id='word_1_21' title='bbox 305 509 357 571; x_wconf 88' lang='lat' dir='ltr'><strong>sed</strong></span> <span class='ocrx_word' id='word_1_22' title='bbox 386 509 487 587; x_wconf 81' lang='lat' dir='ltr'><strong>negari</strong></span> <span class='ocrx_word' id='word_1_23' title='bbox 516 528 577 570; x_wconf 93' lang='lat' dir='ltr'><strong>non</strong></span> <span class='ocrx_word' id='word_1_24' title='bbox 607 516 705 587; x_wconf 90' lang='lat' dir='ltr'><strong>potest</strong></span> <span class='ocrx_word' id='word_1_25' title='bbox 731 509 961 586; x_wconf 77' lang='lat' dir='ltr'><strong>Agamemnonis</strong></span> <span class='ocrx_word' id='word_1_26' title='bbox 986 518 1137 571; x_wconf 76' lang='lat' dir='ltr'><strong>auctorem</strong></span> <span class='ocrx_word' id='word_1_27' title='bbox 1160 529 1237 572; x_wconf 88' lang='lat' dir='ltr'><strong>eoa</strong></span> <span class='ocrx_word' id='word_1_28' title='bbox 1323 552 1324 557; x_wconf 22' lang='grc' dir='ltr'><strong>κ</strong></span> 
     </span>
    </p>
   </div>
   <div class='ocr_carea' id='block_1_4' title="bbox 159 593 1238 1013">
    <p class='ocr_par' dir='ltr' id='par_1_4' title="bbox 159 593 1238 1013">
     <span class='ocr_line' id='line_1_5' title="bbox 161 593 1236 674; baseline 0.001 -20"><span class='ocrx_word' id='word_1_29' title='bbox 161 594 285 674; x_wconf 90' lang='lat' dir='ltr'><strong>reliquis</strong></span> <span class='ocrx_word' id='word_1_30' title='bbox 308 594 476 674; x_wconf 81' lang='lat' dir='ltr'><strong>discrepare</strong></span> <span class='ocrx_word' id='word_1_31' title='bbox 499 594 578 673; x_wconf 91' lang='lat' dir='ltr'><strong>quod</strong></span> <span class='ocrx_word' id='word_1_32' title='bbox 593 594 705 655; x_wconf 90' lang='lat' dir='ltr'><strong>hiatum</strong></span> <span class='ocrx_word' id='word_1_33' title='bbox 721 594 752 654; x_wconf 94' lang='lat' dir='ltr'><strong>in</strong></span> <span class='ocrx_word' id='word_1_34' title='bbox 768 593 877 673; x_wconf 72' lang='lat' dir='ltr'><strong>syllaba</strong></span> <span class='ocrx_word' id='word_1_35' title='bbox 892 594 1015 673; x_wconf 90' lang='lat' dir='ltr'><strong>ancipiti</strong></span> <span class='ocrx_word' id='word_1_36' title='bbox 1028 594 1085 655; x_wconf 91' lang='lat' dir='ltr'><strong>sibi</strong></span> <span class='ocrx_word' id='word_1_37' title='bbox 1102 595 1236 671; x_wconf 77' lang='lat' dir='ltr'><strong>indulsit,</strong></span> 
     </span>
     <span class='ocr_line' id='line_1_6' title="bbox 160 678 1238 759; baseline 0.002 -20"><span class='ocrx_word' id='word_1_38' title='bbox 160 679 189 740; x_wconf 92' lang='lat' dir='ltr'><strong>id</strong></span> <span class='ocrx_word' id='word_1_39' title='bbox 212 680 238 740; x_wconf 90' lang='lat' dir='ltr'><strong>si</strong></span> <span class='ocrx_word' id='word_1_40' title='bbox 252 680 382 742; x_wconf 76' lang='lat' dir='ltr'><strong>Senecae</strong></span> <span class='ocrx_word' id='word_1_41' title='bbox 403 696 533 757; x_wconf 88' lang='lat' dir='ltr'><strong>aevoque</strong></span> <span class='ocrx_word' id='word_1_42' title='bbox 550 679 615 739; x_wconf 92' lang='lat' dir='ltr'><strong>eius</strong></span> <span class='ocrx_word' id='word_1_43' title='bbox 629 678 755 740; x_wconf 80' lang='lat' dir='ltr'><strong>adscribi</strong></span> <span class='ocrx_word' id='word_1_44' title='bbox 772 697 895 757; x_wconf 89' lang='lat' dir='ltr'><strong>prorsus</strong></span> <span class='ocrx_word' id='word_1_45' title='bbox 910 697 971 741; x_wconf 91' lang='lat' dir='ltr'><strong>non</strong></span> <span class='ocrx_word' id='word_1_46' title='bbox 987 698 1075 758; x_wconf 89' lang='lat' dir='ltr'><strong>posse</strong></span> <span class='ocrx_word' id='word_1_47' title='bbox 1091 679 1238 759; x_wconf 89' lang='lat' dir='ltr'><strong>opineris,</strong></span> 
     </span>
     <span class='ocr_line' id='line_1_7' title="bbox 160 763 1236 843; baseline 0.003 -21"><span class='ocrx_word' id='word_1_48' title='bbox 160 782 263 825; x_wconf 84' lang='lat' dir='ltr'><strong>vereor</strong></span> <span class='ocrx_word' id='word_1_49' title='bbox 287 784 324 826; x_wconf 92' lang='lat' dir='ltr'><strong>ne</strong></span> <span class='ocrx_word' id='word_1_50' title='bbox 345 763 464 825; x_wconf 79' lang='lat' dir='ltr'><strong>fallaris.</strong></span> <span class='ocrx_word' id='word_1_51' title='bbox 506 763 614 824; x_wconf 89' lang='lat' dir='ltr'><strong>etenim</strong></span> <span class='ocrx_word' id='word_1_52' title='bbox 638 765 669 824; x_wconf 93' lang='lat' dir='ltr'><strong>in</strong></span> <span class='ocrx_word' id='word_1_53' title='bbox 692 763 952 842; x_wconf 72' lang='lat' dir='ltr'><strong>apocolooynthosi</strong></span> <span class='ocrx_word' id='word_1_54' title='bbox 974 764 1061 843; x_wconf 89' lang='lat' dir='ltr'><strong>plane</strong></span> <span class='ocrx_word' id='word_1_55' title='bbox 1084 764 1160 826; x_wconf 92' lang='lat' dir='ltr'><strong>idem</strong></span> <span class='ocrx_word' id='word_1_56' title='bbox 1184 782 1236 825; x_wconf 93' lang='lat' dir='ltr'><strong>ac·</strong></span> 
     </span>
     <span class='ocr_line' id='line_1_8' title="bbox 160 848 1234 929; baseline 0 -19"><span class='ocrx_word' id='word_1_57' title='bbox 160 848 245 923; x_wconf 80' lang='lat' dir='ltr'><strong>cidit,</strong></span> <span class='ocrx_word' id='word_1_58' title='bbox 275 849 307 911; x_wconf 86' lang='lat' dir='ltr'><strong>in</strong></span> <span class='ocrx_word' id='word_1_59' title='bbox 336 849 395 911; x_wconf 86' lang='lat' dir='ltr'><strong>fine</strong></span> <span class='ocrx_word' id='word_1_60' title='bbox 418 848 536 928; x_wconf 89' lang='lat' dir='ltr'><strong>quidem</strong></span> <span class='ocrx_word' id='word_1_61' title='bbox 558 848 738 921; x_wconf 82' lang='lat' dir='ltr'><strong>sententiae3</strong></span> <span class='ocrx_word' id='word_1_62' title='bbox 768 848 819 909; x_wconf 89' lang='lat' dir='ltr'><strong>sed</strong></span> <span class='ocrx_word' id='word_1_63' title='bbox 842 848 985 910; x_wconf 88' lang='lat' dir='ltr'><strong>Senecam</strong></span> <span class='ocrx_word' id='word_1_64' title='bbox 1007 849 1036 910; x_wconf 91' lang='lat' dir='ltr'><strong>id</strong></span> <span class='ocrx_word' id='word_1_65' title='bbox 1059 868 1179 929; x_wconf 83' lang='lat' dir='ltr'><strong>quoque</strong></span> <span class='ocrx_word' id='word_1_66' title='bbox 1201 850 1234 911; x_wconf 93' lang='lat' dir='ltr'><strong>in</strong></span> 
     </span>
     <span class='ocr_line' id='line_1_9' title="bbox 159 933 796 1013; baseline 0.002 -20"><span class='ocrx_word' id='word_1_67' title='bbox 159 934 283 1013; x_wconf 89' lang='lat' dir='ltr'><strong>reliquis</strong></span> <span class='ocrx_word' id='word_1_68' title='bbox 304 935 409 995; x_wconf 84' lang='lat' dir='ltr'><strong>vitasse</strong></span> <span class='ocrx_word' id='word_1_69' title='bbox 431 933 571 993; x_wconf 84' lang='lat' dir='ltr'><strong>vidimus:</strong></span> <span class='ocrx_word' id='word_1_70' title='bbox 595 952 678 1013; x_wconf 90' lang='lat' dir='ltr'><strong>apoc.</strong></span> <span class='ocrx_word' id='word_1_71' title='bbox 704 937 754 1009; x_wconf 82' lang='lat'><strong>12,</strong></span> <span class='ocrx_word' id='word_1_72' title='bbox 777 936 796 994; x_wconf 83' lang='lat'>4</span> 
     </span>
    </p>
   </div>
   <div class='ocr_carea' id='block_1_5' title="bbox 362 1042 844 1292">
    <p class='ocr_par' dir='ltr' id='par_1_5' title="bbox 362 1042 844 1292">
     <span class='ocr_line' id='line_1_10' title="bbox 364 1042 810 1122; baseline -0.002 -18"><span class='ocrx_word' id='word_1_73' title='bbox 364 1062 417 1122; x_wconf 73' lang='lat' dir='ltr'><strong>pao</strong></span> <span class='ocrx_word' id='word_1_74' title='bbox 439 1061 500 1104; x_wconf 82' lang='lat' dir='ltr'><strong>non</strong></span> <span class='ocrx_word' id='word_1_75' title='bbox 521 1042 597 1104; x_wconf 78' lang='lat' dir='ltr'><strong>nlius</strong></span> <span class='ocrx_word' id='word_1_76' title='bbox 617 1043 678 1120; x_wconf 79' lang='lat' dir='ltr'><strong>suit</strong></span> <span class='ocrx_word' id='word_1_77' title='bbox 700 1047 732 1103; x_wconf 80' lang='lat' dir='ltr'><strong>in</strong></span> <span class='ocrx_word' id='word_1_78' title='bbox 754 1054 810 1104; x_wconf 88' lang='lat' dir='ltr'><strong>toto</strong></span> 
     </span>
     <span class='ocr_line' id='line_1_11' title="bbox 363 1127 767 1206; baseline -0.005 -17"><span class='ocrx_word' id='word_1_79' title='bbox 363 1128 471 1206; x_wconf 78' lang='lat' dir='ltr'><strong>sortior</strong></span> <span class='ocrx_word' id='word_1_80' title='bbox 492 1127 567 1190; x_wconf 83' lang='lat' dir='ltr'><strong>orde.</strong></span> <span class='ocrx_word' id='word_1_81' title='bbox 611 1127 660 1189; x_wconf 76' lang='lat' dir='ltr'><strong>ille</strong></span> <span class='ocrx_word' id='word_1_82' title='bbox 682 1132 767 1189; x_wconf 86' lang='lat' dir='ltr'><strong>ct&#39;toto</strong></span> 
     </span>
     <span class='ocr_line' id='line_1_12' title="bbox 362 1212 844 1292; baseline -0.004 -19"><span class='ocrx_word' id='word_1_83' title='bbox 362 1216 473 1273; x_wconf 75' lang='lat' dir='ltr'><strong>vinem</strong></span> <span class='ocrx_word' id='word_1_84' title='bbox 495 1230 582 1274; x_wconf 83' lang='lat' dir='ltr'><strong>cursu</strong></span> <span class='ocrx_word' id='word_1_85' title='bbox 600 1223 714 1292; x_wconf 84' lang='lat' dir='ltr'><strong>poteret</strong></span> <span class='ocrx_word' id='word_1_86' title='bbox 735 1212 844 1274; x_wconf 70' lang='lat' dir='ltr'><strong>calmes.</strong></span> 
     </span>
    </p>
   </div>
   <div class='ocr_carea' id='block_1_6' title="bbox 156 1313 1232 1646">
    <p class='ocr_par' dir='ltr' id='par_1_6' title="bbox 156 1313 1232 1646">
     <span class='ocr_line' id='line_1_13' title="bbox 158 1313 1231 1394; baseline 0.003 -19"><span class='ocrx_word' id='word_1_87' title='bbox 158 1331 335 1394; x_wconf 88' lang='lat' dir='ltr'><strong>quamquam</strong></span> <span class='ocrx_word' id='word_1_88' title='bbox 358 1332 420 1374; x_wconf 92' lang='lat' dir='ltr'><strong>non</strong></span> <span class='ocrx_word' id='word_1_89' title='bbox 443 1314 545 1375; x_wconf 87' lang='lat' dir='ltr'><strong>eodem</strong></span> <span class='ocrx_word' id='word_1_90' title='bbox 567 1313 655 1374; x_wconf 91' lang='lat' dir='ltr'><strong>modo</strong></span> <span class='ocrx_word' id='word_1_91' title='bbox 677 1314 708 1374; x_wconf 93' lang='lat' dir='ltr'><strong>in</strong></span> <span class='ocrx_word' id='word_1_92' title='bbox 731 1314 819 1374; x_wconf 85' lang='lat' dir='ltr'><strong>satira</strong></span> <span class='ocrx_word' id='word_1_93' title='bbox 842 1331 901 1392; x_wconf 91' lang='lat' dir='ltr'><strong>qno</strong></span> <span class='ocrx_word' id='word_1_94' title='bbox 924 1313 955 1374; x_wconf 97' lang='lat' dir='ltr'><strong>in</strong></span> <span class='ocrx_word' id='word_1_95' title='bbox 981 1315 1137 1394; x_wconf 81' lang='lat' dir='ltr'><strong>tragoediis</strong></span> <span class='ocrx_word' id='word_1_96' title='bbox 1160 1334 1231 1378; x_wconf 88' lang='lat' dir='ltr'><strong>ana·</strong></span> 
     </span>
     <span class='ocr_line' id='line_1_14' title="bbox 158 1398 1232 1479; baseline 0.001 -18"><span class='ocrx_word' id='word_1_97' title='bbox 158 1408 275 1479; x_wconf 92' lang='lat' dir='ltr'><strong>paestos</strong></span> <span class='ocrx_word' id='word_1_98' title='bbox 306 1398 485 1477; x_wconf 89' lang='lat' dir='ltr'><strong>compositos</strong></span> <span class='ocrx_word' id='word_1_99' title='bbox 514 1417 578 1459; x_wconf 89' lang='lat' dir='ltr'><strong>esse</strong></span> <span class='ocrx_word' id='word_1_100' title='bbox 607 1399 691 1459; x_wconf 87' lang='lat' dir='ltr'><strong>facile</strong></span> <span class='ocrx_word' id='word_1_101' title='bbox 720 1417 872 1477; x_wconf 82' lang='lat' dir='ltr'><strong>agnoscas.</strong></span> <span class='ocrx_word' id='word_1_102' title='bbox 916 1399 946 1459; x_wconf 95' lang='lat' dir='ltr'><strong>in</strong></span> <span class='ocrx_word' id='word_1_103' title='bbox 970 1401 1168 1479; x_wconf 84' lang='lat' dir='ltr'><strong>quibuscum</strong></span> <span class='ocrx_word' id='word_1_104' title='bbox 1193 1421 1232 1462; x_wconf 93' lang='lat' dir='ltr'><strong>ne</strong></span> 
     </span>
     <span class='ocr_line' id='line_1_15' title="bbox 157 1483 1229 1566; baseline 0.001 -21"><span class='ocrx_word' id='word_1_105' title='bbox 157 1484 221 1546; x_wconf 91' lang='lat' dir='ltr'><strong>seni</strong></span> <span class='ocrx_word' id='word_1_106' title='bbox 251 1484 371 1563; x_wconf 85' lang='lat' dir='ltr'><strong>quidem</strong></span> <span class='ocrx_word' id='word_1_107' title='bbox 399 1483 523 1562; x_wconf 91' lang='lat' dir='ltr'><strong>spondei</strong></span> <span class='ocrx_word' id='word_1_108' title='bbox 551 1501 675 1563; x_wconf 89' lang='lat' dir='ltr'><strong>usquam</strong></span> <span class='ocrx_word' id='word_1_109' title='bbox 698 1503 730 1544; x_wconf 92' lang='lat' dir='ltr'><strong>se</strong></span> <span class='ocrx_word' id='word_1_110' title='bbox 753 1483 917 1562; x_wconf 83' lang='lat' dir='ltr'><strong>excipiant,</strong></span> <span class='ocrx_word' id='word_1_111' title='bbox 948 1487 1083 1563; x_wconf 89' lang='lat' dir='ltr'><strong>quaterni</strong></span> <span class='ocrx_word' id='word_1_112' title='bbox 1102 1496 1229 1566; x_wconf 88' lang='lat' dir='ltr'><strong>perraro</strong></span> 
     </span>
     <span class='ocr_line' id='line_1_16' title="bbox 156 1568 1085 1646; baseline 0.001 -16"><span class='ocrx_word' id='word_1_113' title='bbox 156 1574 192 1646; x_wconf 82' lang='lat' dir='ltr'><strong>(v.</strong></span> <span class='ocrx_word' id='word_1_114' title='bbox 216 1590 240 1630; x_wconf 89' lang='lat' dir='ltr'><strong>s.</strong></span> <span class='ocrx_word' id='word_1_115' title='bbox 256 1568 371 1640; x_wconf 67' lang='lat' dir='ltr'><strong>,Phaed</strong></span> <span class='ocrx_word' id='word_1_116' title='bbox 395 1568 479 1644; x_wconf 79' lang='lat'><strong>343),</strong></span> <span class='ocrx_word' id='word_1_117' title='bbox 502 1568 550 1629; x_wconf 94' lang='lat' dir='ltr'><strong>hic</strong></span> <span class='ocrx_word' id='word_1_118' title='bbox 573 1569 673 1629; x_wconf 89' lang='lat' dir='ltr'><strong>decem</strong></span> <span class='ocrx_word' id='word_1_119' title='bbox 696 1587 758 1628; x_wconf 93' lang='lat' dir='ltr'><strong>uno</strong></span> <span class='ocrx_word' id='word_1_120' title='bbox 781 1577 886 1629; x_wconf 90' lang='lat' dir='ltr'><strong>tenore</strong></span> <span class='ocrx_word' id='word_1_121' title='bbox 903 1569 1085 1643; x_wconf 85' lang='lat' dir='ltr'><strong>decurrunt:</strong></span> 
     </span>
    </p>
   </div>
   <div class='ocr_carea' id='block_1_7' title="bbox 257 1679 927 1923">
    <p class='ocr_par' dir='ltr' id='par_1_7' title="bbox 257 1679 927 1923">
     <span class='ocr_line' id='line_1_17' title="bbox 295 1679 787 1759; baseline -0.006 -18"><span class='ocrx_word' id='word_1_122' title='bbox 295 1682 332 1741; x_wconf 81' lang='lat'><strong>21</strong></span> <span class='ocrx_word' id='word_1_123' title='bbox 357 1698 418 1740; x_wconf 84' lang='lat' dir='ltr'><strong>uno</strong></span> <span class='ocrx_word' id='word_1_124' title='bbox 439 1690 553 1741; x_wconf 83' lang='lat' dir='ltr'><strong>tontum</strong></span> <span class='ocrx_word' id='word_1_125' title='bbox 571 1688 657 1759; x_wconf 84' lang='lat' dir='ltr'><strong>porte</strong></span> <span class='ocrx_word' id='word_1_126' title='bbox 677 1679 787 1754; x_wconf 80' lang='lat' dir='ltr'><strong>audito,</strong></span> 
     </span>
     <span class='ocr_line' id='line_1_18' title="bbox 257 1764 927 1845; baseline 0.001 -21"><span class='ocrx_word' id='word_1_127' title='bbox 257 1782 266 1797; x_wconf 56' lang='lat'><strong>⁹</strong></span> <span class='ocrx_word' id='word_1_128' title='bbox 358 1783 440 1844; x_wconf 66' lang='lat' dir='ltr'><strong>some</strong></span> <span class='ocrx_word' id='word_1_129' title='bbox 461 1775 487 1824; x_wconf 89' lang='lat' dir='ltr'><strong>ct</strong></span> <span class='ocrx_word' id='word_1_130' title='bbox 508 1775 628 1825; x_wconf 76' lang='lat' dir='ltr'><strong>nemra.-</strong></span> <span class='ocrx_word' id='word_1_131' title='bbox 658 1768 720 1845; x_wconf 78' lang='lat' dir='ltr'><strong>quis</strong></span> <span class='ocrx_word' id='word_1_132' title='bbox 741 1782 818 1826; x_wconf 82' lang='lat' dir='ltr'><strong>nuuc</strong></span> <span class='ocrx_word' id='word_1_133' title='bbox 838 1764 927 1825; x_wconf 74' lang='lat' dir='ltr'><strong>iudea</strong></span> 
     </span>
     <span class='ocr_line' id='line_1_19' title="bbox 361 1846 780 1923; baseline -0.005 -13"><span class='ocrx_word' id='word_1_134' title='bbox 361 1858 417 1910; x_wconf 89' lang='lat' dir='ltr'><strong>toto</strong></span> <span class='ocrx_word' id='word_1_135' title='bbox 441 1849 503 1910; x_wconf 79' lang='lat' dir='ltr'><strong>lites</strong></span> <span class='ocrx_word' id='word_1_136' title='bbox 526 1846 780 1923; x_wconf 69' lang='lat' dir='ltr'><strong>(couterentur).</strong></span> 
     </span>
    </p>
   </div>
   <div class='ocr_carea' id='block_1_8' title="bbox 154 1947 1324 2031">
    <p class='ocr_par' dir='ltr' id='par_1_8' title="bbox 154 1947 1324 2031">
     <span class='ocr_line' id='line_1_20' title="bbox 154 1947 1324 2031; baseline -0.003 -20"><span class='ocrx_word' id='word_1_137' title='bbox 154 1957 306 2031; x_wconf 89' lang='lat' dir='ltr'><strong>praeterea</strong></span> <span class='ocrx_word' id='word_1_138' title='bbox 333 1960 431 2012; x_wconf 90' lang='lat' dir='ltr'><strong>autem</strong></span> <span class='ocrx_word' id='word_1_139' title='bbox 462 1969 544 2012; x_wconf 90' lang='lat' dir='ltr'><strong>nunc</strong></span> <span class='ocrx_word' id='word_1_140' title='bbox 571 1950 698 2012; x_wconf 89' lang='lat' dir='ltr'><strong>dubitari</strong></span> <span class='ocrx_word' id='word_1_141' title='bbox 721 1969 781 2012; x_wconf 92' lang='lat' dir='ltr'><strong>non</strong></span> <span class='ocrx_word' id='word_1_142' title='bbox 804 1956 902 2029; x_wconf 91' lang='lat' dir='ltr'><strong>potest</strong></span> <span class='ocrx_word' id='word_1_143' title='bbox 925 1950 998 2028; x_wconf 82' lang='lat' dir='ltr'><strong>quin</strong></span> <span class='ocrx_word' id='word_1_144' title='bbox 1021 1947 1171 2026; x_wconf 77' lang='lat' dir='ltr'><strong>singulare</strong></span> <span class='ocrx_word' id='word_1_145' title='bbox 1192 1947 1230 2008; x_wconf 89' lang='lat' dir='ltr'><strong>sit</strong></span> <span class='ocrx_word' id='word_1_146' title='bbox 1323 1948 1324 1989; x_wconf 54' lang='lat' dir='ltr'><strong>i</strong></span> 
     </span>
    </p>
   </div>
   <div class='ocr_carea' id='block_1_9' title="bbox 154 2032 1228 2115">
    <p class='ocr_par' dir='ltr' id='par_1_9' title="bbox 154 2032 1228 2115">
     <span class='ocr_line' id='line_1_21' title="bbox 154 2032 1228 2115; baseline -0.003 -18"><span class='ocrx_word' id='word_1_147' title='bbox 154 2037 186 2097; x_wconf 95' lang='lat' dir='ltr'><strong>in</strong></span> <span class='ocrx_word' id='word_1_148' title='bbox 201 2037 422 2115; x_wconf 79' lang='lat' dir='ltr'><strong>Agamemnone</strong></span> <span class='ocrx_word' id='word_1_149' title='bbox 445 2036 592 2097; x_wconf 88' lang='lat' dir='ltr'><strong>canticum</strong></span> <span class='ocrx_word' id='word_1_150' title='bbox 615 2035 746 2097; x_wconf 78' lang='lat' dir='ltr'><strong>dimetria</strong></span> <span class='ocrx_word' id='word_1_151' title='bbox 768 2035 962 2115; x_wconf 81' lang='lat' dir='ltr'><strong>anapaesticis</strong></span> <span class='ocrx_word' id='word_1_152' title='bbox 985 2042 1015 2095; x_wconf 89' lang='lat' dir='ltr'><strong>et</strong></span> <span class='ocrx_word' id='word_1_153' title='bbox 1033 2032 1228 2095; x_wconf 89' lang='lat' dir='ltr'><strong>monometris</strong></span> 
     </span>
    </p>
   </div>
   <div class='ocr_carea' id='block_1_10' title="bbox 154 2118 1324 2286">
    <p class='ocr_par' dir='ltr' id='par_1_10' title="bbox 154 2118 1324 2286">
     <span class='ocr_line' id='line_1_22' title="bbox 154 2118 1324 2201; baseline -0.005 -19"><span class='ocrx_word' id='word_1_154' title='bbox 154 2122 275 2183; x_wconf 82' lang='lat' dir='ltr'><strong>allerms</strong></span> <span class='ocrx_word' id='word_1_155' title='bbox 303 2139 368 2182; x_wconf 89' lang='lat' dir='ltr'><strong>sese</strong></span> <span class='ocrx_word' id='word_1_156' title='bbox 397 2120 612 2201; x_wconf 81' lang='lat' dir='ltr'><strong>excipientibus</strong></span> <span class='ocrx_word' id='word_1_157' title='bbox 638 2121 845 2199; x_wconf 88' lang='lat' dir='ltr'><strong>compositum.</strong></span> <span class='ocrx_word' id='word_1_158' title='bbox 888 2137 991 2180; x_wconf 88' lang='lat' dir='ltr'><strong>verum</strong></span> <span class='ocrx_word' id='word_1_159' title='bbox 1014 2138 1070 2180; x_wconf 84' lang='lat' dir='ltr'><strong>nec</strong></span> <span class='ocrx_word' id='word_1_160' title='bbox 1092 2118 1151 2179; x_wconf 89' lang='lat' dir='ltr'><strong>hoc</strong></span> <span class='ocrx_word' id='word_1_161' title='bbox 1172 2136 1228 2179; x_wconf 89' lang='lat' dir='ltr'><strong>nec</strong></span> <span class='ocrx_word' id='word_1_162' title='bbox 1323 2130 1324 2199; x_wconf 70' lang='lat' dir='ltr'>j</span> 
     </span>
     <span class='ocr_line' id='line_1_23' title="bbox 154 2202 1324 2286; baseline -0.003 -20"><span class='ocrx_word' id='word_1_163' title='bbox 154 2205 267 2286; x_wconf 89' lang='lat' dir='ltr'><strong>reliqua</strong></span> <span class='ocrx_word' id='word_1_164' title='bbox 290 2224 365 2284; x_wconf 89' lang='lat' dir='ltr'><strong>quae</strong></span> <span class='ocrx_word' id='word_1_165' title='bbox 387 2207 424 2267; x_wconf 94' lang='lat' dir='ltr'><strong>de</strong></span> <span class='ocrx_word' id='word_1_166' title='bbox 446 2206 610 2285; x_wconf 88' lang='lat' dir='ltr'><strong>anapaestis</strong></span> <span class='ocrx_word' id='word_1_167' title='bbox 633 2205 845 2285; x_wconf 85' lang='lat' dir='ltr'><strong>disputavimus</strong></span> <span class='ocrx_word' id='word_1_168' title='bbox 868 2205 903 2266; x_wconf 91' lang='lat' dir='ltr'><strong>ad</strong></span> <span class='ocrx_word' id='word_1_169' title='bbox 925 2202 1176 2284; x_wconf 83' lang='lat' dir='ltr'><strong>pronuntiandam</strong></span> <span class='ocrx_word' id='word_1_170' title='bbox 1192 2202 1228 2262; x_wconf 92' lang='lat' dir='ltr'><strong>de</strong></span> <span class='ocrx_word' id='word_1_171' title='bbox 1323 2242 1324 2279; x_wconf 64' lang='lat'>3</span> 
     </span>
    </p>
   </div>
   <div class='ocr_carea' id='block_1_11' title="bbox 155 2290 843 2370">
    <p class='ocr_par' dir='ltr' id='par_1_11' title="bbox 155 2290 843 2370">
     <span class='ocr_line' id='line_1_24' title="bbox 155 2290 843 2370; baseline 0.01 -20"><span class='ocrx_word' id='word_1_172' title='bbox 155 2291 322 2370; x_wconf 83' lang='lat' dir='ltr'><strong>tragoediae</strong></span> <span class='ocrx_word' id='word_1_173' title='bbox 344 2290 459 2368; x_wconf 82' lang='lat' dir='ltr'><strong>origine</strong></span> <span class='ocrx_word' id='word_1_174' title='bbox 482 2291 658 2352; x_wconf 90' lang='lat' dir='ltr'><strong>sententiam</strong></span> <span class='ocrx_word' id='word_1_175' title='bbox 680 2290 843 2356; x_wconf 77' lang='lat' dir='ltr'><strong>sufficiunt.</strong></span> 
     </span>
    </p>
   </div>
   <div class='ocr_carea' id='block_1_12' title="bbox 153 2540 1324 2707">
    <p class='ocr_par' dir='ltr' id='par_1_12' title="bbox 153 2540 1324 2707">
     <span class='ocr_line' id='line_1_25' title="bbox 237 2540 1324 2622; baseline 0 -18"><span class='ocrx_word' id='word_1_176' title='bbox 237 2543 405 2607; x_wconf 88' lang='lat' dir='ltr'><strong>absolutum</strong></span> <span class='ocrx_word' id='word_1_177' title='bbox 432 2562 468 2605; x_wconf 86' lang='lat' dir='ltr'><strong>ac</strong></span> <span class='ocrx_word' id='word_1_178' title='bbox 488 2545 635 2605; x_wconf 84' lang='lat' dir='ltr'><strong>firmatum</strong></span> <span class='ocrx_word' id='word_1_179' title='bbox 661 2543 743 2604; x_wconf 92' lang='lat' dir='ltr'><strong>omni</strong></span> <span class='ocrx_word' id='word_1_180' title='bbox 765 2561 800 2603; x_wconf 85' lang='lat' dir='ltr'><strong>ex</strong></span> <span class='ocrx_word' id='word_1_181' title='bbox 822 2550 906 2622; x_wconf 86' lang='lat' dir='ltr'><strong>parte</strong></span> <span class='ocrx_word' id='word_1_182' title='bbox 927 2540 1068 2605; x_wconf 88' lang='lat' dir='ltr'><strong>iudicium</strong></span> <span class='ocrx_word' id='word_1_183' title='bbox 1089 2542 1128 2603; x_wconf 93' lang='lat' dir='ltr'><strong>de</strong></span> <span class='ocrx_word' id='word_1_184' title='bbox 1149 2543 1227 2621; x_wconf 80' lang='lat' dir='ltr'><strong>Aga·</strong></span> <span class='ocrx_word' id='word_1_185' title='bbox 1323 2602 1324 2617; x_wconf 65' lang='lat'><strong>,</strong></span> 
     </span>
     <span class='ocr_line' id='line_1_26' title="bbox 153 2627 1324 2707; baseline 0.002 -19"><span class='ocrx_word' id='word_1_186' title='bbox 153 2628 320 2690; x_wconf 91' lang='lat' dir='ltr'><strong>memnonis</strong></span> <span class='ocrx_word' id='word_1_187' title='bbox 343 2638 462 2690; x_wconf 88' lang='lat' dir='ltr'><strong>auctore</strong></span> <span class='ocrx_word' id='word_1_188' title='bbox 485 2629 555 2690; x_wconf 84' lang='lat' dir='ltr'><strong>ferri</strong></span> <span class='ocrx_word' id='word_1_189' title='bbox 579 2628 684 2707; x_wconf 89' lang='lat' dir='ltr'><strong>nequit</strong></span> <span class='ocrx_word' id='word_1_190' title='bbox 700 2635 857 2706; x_wconf 84' lang='lat' dir='ltr'><strong>antequam</strong></span> <span class='ocrx_word' id='word_1_191' title='bbox 872 2629 908 2689; x_wconf 91' lang='lat' dir='ltr'><strong>de</strong></span> <span class='ocrx_word' id='word_1_192' title='bbox 923 2627 1045 2690; x_wconf 88' lang='lat' dir='ltr'><strong>canticis</strong></span> <span class='ocrx_word' id='word_1_193' title='bbox 1061 2627 1230 2690; x_wconf 84' lang='lat' dir='ltr'><strong>constiterit</strong></span> <span class='ocrx_word' id='word_1_194' title='bbox 1323 2664 1324 2699; x_wconf 66' lang='grc'>;</span> 
     </span>
    </p>
   </div>
   <div class='ocr_carea' id='block_1_13' title="bbox 145 2713 1228 3981">
    <p class='ocr_par' dir='ltr' id='par_1_13' title="bbox 145 2713 1228 3981">
     <span class='ocr_line' id='line_1_27' title="bbox 152 2713 1228 2793; baseline 0 -19"><span class='ocrx_word' id='word_1_195' title='bbox 152 2714 279 2792; x_wconf 88' lang='lat' dir='ltr'><strong>quaein</strong></span> <span class='ocrx_word' id='word_1_196' title='bbox 303 2713 351 2774; x_wconf 94' lang='lat' dir='ltr'><strong>illa</strong></span> <span class='ocrx_word' id='word_1_197' title='bbox 373 2715 514 2793; x_wconf 83' lang='lat' dir='ltr'><strong>leguntur</strong></span> <span class='ocrx_word' id='word_1_198' title='bbox 536 2732 561 2773; x_wconf 87' lang='lat' dir='ltr'><strong>v.</strong></span> <span class='ocrx_word' id='word_1_199' title='bbox 580 2715 748 2776; x_wconf 77' lang='lat' dir='ltr'><strong>nee-636</strong></span> <span class='ocrx_word' id='word_1_200' title='bbox 772 2722 801 2773; x_wconf 92' lang='lat' dir='ltr'><strong>et</strong></span> <span class='ocrx_word' id='word_1_201' title='bbox 816 2715 995 2779; x_wconf 78' lang='lat'>808—866.</span> <span class='ocrx_word' id='word_1_202' title='bbox 1030 2731 1065 2773; x_wconf 88' lang='lat' dir='ltr'><strong>ea</strong></span> <span class='ocrx_word' id='word_1_203' title='bbox 1080 2729 1149 2775; x_wconf 88' lang='lat' dir='ltr'><strong>varo</strong></span> <span class='ocrx_word' id='word_1_204' title='bbox 1165 2722 1228 2775; x_wconf 89' lang='lat' dir='ltr'><strong>tam</strong></span> 
     </span>
     <span class='ocr_line' id='line_1_28' title="bbox 151 2796 1227 2878; baseline 0.002 -19"><span class='ocrx_word' id='word_1_205' title='bbox 151 2807 213 2859; x_wconf 88' lang='lat' dir='ltr'><strong>arte</strong></span> <span class='ocrx_word' id='word_1_206' title='bbox 243 2806 347 2860; x_wconf 90' lang='lat' dir='ltr'><strong>natura</strong></span> <span class='ocrx_word' id='word_1_207' title='bbox 370 2818 423 2859; x_wconf 92' lang='lat' dir='ltr'><strong>sua</strong></span> <span class='ocrx_word' id='word_1_208' title='bbox 445 2817 513 2861; x_wconf 88' lang='lat' dir='ltr'><strong>cum</strong></span> <span class='ocrx_word' id='word_1_209' title='bbox 536 2796 641 2878; x_wconf 89' lang='lat' dir='ltr'><strong>Oedipi</strong></span> <span class='ocrx_word' id='word_1_210' title='bbox 664 2798 787 2859; x_wconf 88' lang='lat' dir='ltr'><strong>canticis</strong></span> <span class='ocrx_word' id='word_1_211' title='bbox 809 2799 978 2863; x_wconf 76' lang='lat' dir='ltr'><strong>toa-508</strong></span> <span class='ocrx_word' id='word_1_212' title='bbox 1001 2807 1031 2860; x_wconf 89' lang='lat' dir='ltr'><strong>ct</strong></span> <span class='ocrx_word' id='word_1_213' title='bbox 1052 2798 1227 2861; x_wconf 78' lang='lat' dir='ltr'><strong>too-763</strong></span> 
     </span>
     <span class='ocr_line' id='line_1_29' title="bbox 152 2881 1228 2962; baseline 0 -18"><span class='ocrx_word' id='word_1_214' title='bbox 152 2884 309 2947; x_wconf 89' lang='lat' dir='ltr'><strong>coniuncta</strong></span> <span class='ocrx_word' id='word_1_215' title='bbox 332 2893 403 2946; x_wconf 91' lang='lat' dir='ltr'><strong>sunt</strong></span> <span class='ocrx_word' id='word_1_216' title='bbox 425 2892 458 2944; x_wconf 92' lang='lat' dir='ltr'><strong>ut</strong></span> <span class='ocrx_word' id='word_1_217' title='bbox 479 2902 541 2944; x_wconf 89' lang='lat' dir='ltr'><strong>nnn</strong></span> <span class='ocrx_word' id='word_1_218' title='bbox 564 2884 648 2944; x_wconf 89' lang='lat' dir='ltr'><strong>aliter</strong></span> <span class='ocrx_word' id='word_1_219' title='bbox 669 2901 756 2962; x_wconf 88' lang='lat' dir='ltr'><strong>quam</strong></span> <span class='ocrx_word' id='word_1_220' title='bbox 780 2883 940 2945; x_wconf 89' lang='lat' dir='ltr'><strong>coniuncte</strong></span> <span class='ocrx_word' id='word_1_221' title='bbox 962 2883 998 2943; x_wconf 92' lang='lat' dir='ltr'><strong>de</strong></span> <span class='ocrx_word' id='word_1_222' title='bbox 1019 2881 1065 2943; x_wconf 88' lang='lat' dir='ltr'><strong>itis</strong></span> <span class='ocrx_word' id='word_1_223' title='bbox 1084 2882 1228 2944; x_wconf 87' lang='lat' dir='ltr'><strong>omnibus</strong></span> 
     </span>
     <span class='ocr_line' id='line_1_30' title="bbox 151 2966 1228 3047; baseline 0.001 -19"><span class='ocrx_word' id='word_1_224' title='bbox 151 2968 294 3046; x_wconf 86' lang='lat' dir='ltr'><strong>disputari</strong></span> <span class='ocrx_word' id='word_1_225' title='bbox 322 2976 419 3046; x_wconf 87' lang='lat' dir='ltr'><strong>queat.</strong></span> <span class='ocrx_word' id='word_1_226' title='bbox 464 2975 552 3046; x_wconf 85' lang='lat' dir='ltr'><strong>atque</strong></span> <span class='ocrx_word' id='word_1_227' title='bbox 580 2979 648 3047; x_wconf 90' lang='lat' dir='ltr'><strong>post</strong></span> <span class='ocrx_word' id='word_1_228' title='bbox 677 2985 762 3029; x_wconf 92' lang='lat' dir='ltr'><strong>curas</strong></span> <span class='ocrx_word' id='word_1_229' title='bbox 786 2968 973 3041; x_wconf 88' lang='lat' dir='ltr'><strong>Grotelendi,</strong></span> <span class='ocrx_word' id='word_1_230' title='bbox 1003 2966 1089 3030; x_wconf 89' lang='lat' dir='ltr'><strong>cuius</strong></span> <span class='ocrx_word' id='word_1_231' title='bbox 1113 2966 1228 3031; x_wconf 90' lang='lat' dir='ltr'><strong>librum</strong></span> 
     </span>
     <span class='ocr_line' id='line_1_31' title="bbox 150 3051 1225 3132; baseline 0 -20"><span class='ocrx_word' id='word_1_232' title='bbox 150 3052 298 3132; x_wconf 90' lang='lat' dir='ltr'><strong>inspicere</strong></span> <span class='ocrx_word' id='word_1_233' title='bbox 320 3071 382 3114; x_wconf 91' lang='lat' dir='ltr'><strong>non</strong></span> <span class='ocrx_word' id='word_1_234' title='bbox 405 3053 499 3132; x_wconf 88' lang='lat' dir='ltr'><strong>potui,</strong></span> <span class='ocrx_word' id='word_1_235' title='bbox 523 3061 553 3113; x_wconf 90' lang='lat' dir='ltr'><strong>ot</strong></span> <span class='ocrx_word' id='word_1_236' title='bbox 573 3052 681 3125; x_wconf 77' lang='lat' dir='ltr'><strong>notuit,</strong></span> <span class='ocrx_word' id='word_1_237' title='bbox 704 3054 792 3132; x_wconf 84' lang='lat' dir='ltr'><strong>quem</strong></span> <span class='ocrx_word' id='word_1_238' title='bbox 806 3052 983 3117; x_wconf 81' lang='lat' dir='ltr'><strong>Grotefendi</strong></span> <span class='ocrx_word' id='word_1_239' title='bbox 998 3051 1117 3129; x_wconf 80' lang='lat' dir='ltr'><strong>vestigia</strong></span> <span class='ocrx_word' id='word_1_240' title='bbox 1135 3070 1225 3132; x_wconf 91' lang='lat' dir='ltr'><strong>pres·</strong></span> 
     </span>
     <span class='ocr_line' id='line_1_32' title="bbox 150 3136 1228 3218; baseline 0.001 -21"><span class='ocrx_word' id='word_1_241' title='bbox 150 3137 224 3198; x_wconf 88' lang='lat' dir='ltr'><strong>sisse</strong></span> <span class='ocrx_word' id='word_1_242' title='bbox 246 3137 339 3212; x_wconf 91' lang='lat' dir='ltr'><strong>aiunt,</strong></span> <span class='ocrx_word' id='word_1_243' title='bbox 362 3137 521 3199; x_wconf 85' lang='lat' dir='ltr'><strong>Muellerus</strong></span> <span class='ocrx_word' id='word_1_244' title='bbox 543 3138 616 3198; x_wconf 89' lang='lat' dir='ltr'><strong>haec</strong></span> <span class='ocrx_word' id='word_1_245' title='bbox 638 3138 767 3201; x_wconf 88' lang='lat' dir='ltr'><strong>carmina</strong></span> <span class='ocrx_word' id='word_1_246' title='bbox 786 3156 924 3216; x_wconf 84' lang='lat' dir='ltr'><strong>perverse</strong></span> <span class='ocrx_word' id='word_1_247' title='bbox 939 3137 1058 3218; x_wconf 86' lang='lat' dir='ltr'><strong>quidem</strong></span> <span class='ocrx_word' id='word_1_248' title='bbox 1074 3136 1228 3216; x_wconf 88' lang='lat' dir='ltr'><strong>discripsit</strong></span> 
     </span>
     <span class='ocr_line' id='line_1_33' title="bbox 149 3221 1226 3302; baseline 0 -20"><span class='ocrx_word' id='word_1_249' title='bbox 149 3255 191 3265; x_wconf 90' lang='lat'>—</span> <span class='ocrx_word' id='word_1_250' title='bbox 213 3222 243 3282; x_wconf 92' lang='lat' dir='ltr'><strong>id</strong></span> <span class='ocrx_word' id='word_1_251' title='bbox 272 3222 352 3300; x_wconf 89' lang='lat' dir='ltr'><strong>quod</strong></span> <span class='ocrx_word' id='word_1_252' title='bbox 381 3224 412 3283; x_wconf 93' lang='lat' dir='ltr'><strong>in</strong></span> <span class='ocrx_word' id='word_1_253' title='bbox 441 3223 635 3302; x_wconf 88' lang='lat' dir='ltr'><strong>anapaesticis</strong></span> <span class='ocrx_word' id='word_1_254' title='bbox 657 3241 778 3302; x_wconf 89' lang='lat' dir='ltr'><strong>quoque</strong></span> <span class='ocrx_word' id='word_1_255' title='bbox 799 3223 905 3285; x_wconf 85' lang='lat' dir='ltr'><strong>iecisse</strong></span> <span class='ocrx_word' id='word_1_256' title='bbox 928 3223 1010 3283; x_wconf 91' lang='lat' dir='ltr'><strong>illum</strong></span> <span class='ocrx_word' id='word_1_257' title='bbox 1032 3221 1159 3283; x_wconf 84' lang='lat' dir='ltr'><strong>vidimus</strong></span> <span class='ocrx_word' id='word_1_258' title='bbox 1181 3256 1226 3266; x_wconf 98' lang='lat'>-</span> 
     </span>
     <span class='ocr_line' id='line_1_34' title="bbox 149 3306 1226 3387; baseline 0 -20"><span class='ocrx_word' id='word_1_259' title='bbox 149 3308 200 3368; x_wconf 89' lang='lat' dir='ltr'><strong>sed</strong></span> <span class='ocrx_word' id='word_1_260' title='bbox 229 3324 422 3369; x_wconf 89' lang='lat' dir='ltr'><strong>numerorum</strong></span> <span class='ocrx_word' id='word_1_261' title='bbox 453 3317 587 3368; x_wconf 86' lang='lat' dir='ltr'><strong>naturam</strong></span> <span class='ocrx_word' id='word_1_262' title='bbox 616 3307 652 3368; x_wconf 91' lang='lat' dir='ltr'><strong>ad</strong></span> <span class='ocrx_word' id='word_1_263' title='bbox 682 3325 827 3371; x_wconf 87' lang='lat' dir='ltr'><strong>summam</strong></span> <span class='ocrx_word' id='word_1_264' title='bbox 856 3314 936 3370; x_wconf 87' lang='lat' dir='ltr'><strong>recte</strong></span> <span class='ocrx_word' id='word_1_265' title='bbox 959 3306 1096 3387; x_wconf 79' lang='lat' dir='ltr'><strong>exposuit</strong></span> <span class='ocrx_word' id='word_1_266' title='bbox 1117 3306 1168 3383; x_wconf 85' lang='lat' dir='ltr'><strong>(de</strong></span> <span class='ocrx_word' id='word_1_267' title='bbox 1188 3324 1226 3367; x_wconf 90' lang='lat' dir='ltr'><strong>re</strong></span> 
     </span>
     <span class='ocr_line' id='line_1_35' title="bbox 147 3391 1225 3472; baseline 0 -20"><span class='ocrx_word' id='word_1_268' title='bbox 147 3398 232 3453; x_wconf 89' lang='lat' dir='ltr'><strong>metr.</strong></span> <span class='ocrx_word' id='word_1_269' title='bbox 259 3393 318 3455; x_wconf 81' lang='lat'><strong>120</strong></span> <span class='ocrx_word' id='word_1_270' title='bbox 341 3396 414 3472; x_wconf 73' lang='lat' dir='ltr'><strong>sap),</strong></span> <span class='ocrx_word' id='word_1_271' title='bbox 445 3410 631 3472; x_wconf 89' lang='lat' dir='ltr'><strong>nequaquam</strong></span> <span class='ocrx_word' id='word_1_272' title='bbox 659 3400 757 3453; x_wconf 92' lang='lat' dir='ltr'><strong>tamen</strong></span> <span class='ocrx_word' id='word_1_273' title='bbox 786 3392 824 3454; x_wconf 88' lang='lat' dir='ltr'><strong>ita</strong></span> <span class='ocrx_word' id='word_1_274' title='bbox 848 3402 881 3454; x_wconf 93' lang='lat' dir='ltr'><strong>ut</strong></span> <span class='ocrx_word' id='word_1_275' title='bbox 902 3392 1054 3455; x_wconf 88' lang='lat' dir='ltr'><strong>tractando</strong></span> <span class='ocrx_word' id='word_1_276' title='bbox 1075 3391 1133 3453; x_wconf 89' lang='lat' dir='ltr'><strong>hoc</strong></span> <span class='ocrx_word' id='word_1_277' title='bbox 1155 3391 1225 3453; x_wconf 89' lang='lat' dir='ltr'><strong>loco</strong></span> 
     </span>
     <span class='ocr_line' id='line_1_36' title="bbox 147 3475 1225 3557; baseline 0 -19"><span class='ocrx_word' id='word_1_278' title='bbox 147 3478 343 3556; x_wconf 85' lang='lat' dir='ltr'><strong>supersedere</strong></span> <span class='ocrx_word' id='word_1_279' title='bbox 376 3477 540 3556; x_wconf 86' lang='lat' dir='ltr'><strong>possimus;</strong></span> <span class='ocrx_word' id='word_1_280' title='bbox 576 3477 750 3557; x_wconf 87' lang='lat' dir='ltr'><strong>praesertim</strong></span> <span class='ocrx_word' id='word_1_281' title='bbox 784 3496 852 3540; x_wconf 91' lang='lat' dir='ltr'><strong>cum</strong></span> <span class='ocrx_word' id='word_1_282' title='bbox 884 3477 1016 3539; x_wconf 86' lang='lat' dir='ltr'><strong>Richteri</strong></span> <span class='ocrx_word' id='word_1_283' title='bbox 1044 3475 1225 3555; x_wconf 90' lang='lat' dir='ltr'><strong>Peiperique</strong></span> 
     </span>
     <span class='ocr_line' id='line_1_37' title="bbox 147 3560 1224 3639; baseline 0.001 -17"><span class='ocrx_word' id='word_1_284' title='bbox 147 3562 297 3625; x_wconf 82' lang='lat' dir='ltr'><strong>temeritas</strong></span> <span class='ocrx_word' id='word_1_285' title='bbox 319 3562 453 3627; x_wconf 83' lang='lat' dir='ltr'><strong>docuerit</strong></span> <span class='ocrx_word' id='word_1_286' title='bbox 475 3562 605 3625; x_wconf 88' lang='lat' dir='ltr'><strong>carmina</strong></span> <span class='ocrx_word' id='word_1_287' title='bbox 626 3563 691 3638; x_wconf 88' lang='lat' dir='ltr'><strong>ista,</strong></span> <span class='ocrx_word' id='word_1_288' title='bbox 713 3562 913 3625; x_wconf 80' lang='lat' dir='ltr'><strong>memorabilia</strong></span> <span class='ocrx_word' id='word_1_289' title='bbox 928 3581 1000 3624; x_wconf 91' lang='lat' dir='ltr'><strong>sane</strong></span> <span class='ocrx_word' id='word_1_290' title='bbox 1016 3570 1046 3622; x_wconf 93' lang='lat' dir='ltr'><strong>et</strong></span> <span class='ocrx_word' id='word_1_291' title='bbox 1059 3560 1224 3639; x_wconf 74' lang='lat' dir='ltr'><strong>singularia</strong></span> 
     </span>
     <span class='ocr_line' id='line_1_38' title="bbox 146 3646 1225 3727; baseline 0 -20"><span class='ocrx_word' id='word_1_292' title='bbox 146 3666 182 3708; x_wconf 89' lang='lat' dir='ltr'><strong>ex</strong></span> <span class='ocrx_word' id='word_1_293' title='bbox 204 3648 378 3727; x_wconf 82' lang='lat' dir='ltr'><strong>antiquitate</strong></span> <span class='ocrx_word' id='word_1_294' title='bbox 393 3647 527 3711; x_wconf 90' lang='lat' dir='ltr'><strong>Romana</strong></span> <span class='ocrx_word' id='word_1_295' title='bbox 548 3647 619 3711; x_wconf 84' lang='lat' dir='ltr'><strong>artis</strong></span> <span class='ocrx_word' id='word_1_296' title='bbox 640 3647 778 3711; x_wconf 91' lang='lat' dir='ltr'><strong>licentius</strong></span> <span class='ocrx_word' id='word_1_297' title='bbox 801 3648 945 3710; x_wconf 84' lang='lat' dir='ltr'><strong>exercitae</strong></span> <span class='ocrx_word' id='word_1_298' title='bbox 967 3646 1160 3722; x_wconf 80' lang='lat' dir='ltr'><strong>monimenta,</strong></span> <span class='ocrx_word' id='word_1_299' title='bbox 1183 3664 1225 3707; x_wconf 90' lang='lat' dir='ltr'><strong>ne</strong></span> 
     </span>
     <span class='ocr_line' id='line_1_39' title="bbox 146 3728 1225 3814; baseline 0.002 -22"><span class='ocrx_word' id='word_1_300' title='bbox 146 3750 162 3792; x_wconf 87' lang='lat' dir='ltr'><strong>a</strong></span> <span class='ocrx_word' id='word_1_301' title='bbox 190 3731 332 3799; x_wconf 84' lang='lat' dir='ltr'><strong>vilissimo</strong></span> <span class='ocrx_word' id='word_1_302' title='bbox 360 3733 479 3812; x_wconf 90' lang='lat' dir='ltr'><strong>quidem</strong></span> <span class='ocrx_word' id='word_1_303' title='bbox 509 3742 539 3797; x_wconf 88' lang='lat' dir='ltr'><strong>et</strong></span> <span class='ocrx_word' id='word_1_304' title='bbox 563 3732 652 3814; x_wconf 89' lang='lat' dir='ltr'><strong>plane</strong></span> <span class='ocrx_word' id='word_1_305' title='bbox 674 3733 788 3797; x_wconf 87' lang='lat' dir='ltr'><strong>nefario</strong></span> <span class='ocrx_word' id='word_1_306' title='bbox 805 3732 953 3795; x_wconf 78' lang='lat' dir='ltr'><strong>ariolandi</strong></span> <span class='ocrx_word' id='word_1_307' title='bbox 974 3749 1085 3811; x_wconf 77' lang='lat' dir='ltr'><strong>genere</strong></span> <span class='ocrx_word' id='word_1_308' title='bbox 1104 3728 1225 3794; x_wconf 88' lang='lat' dir='ltr'><strong>munita</strong></span> 
     </span>
     <span class='ocr_line' id='line_1_40' title="bbox 147 3814 1223 3898; baseline -0.002 -21"><span class='ocrx_word' id='word_1_309' title='bbox 147 3835 222 3877; x_wconf 89' lang='lat' dir='ltr'><strong>esse.</strong></span> <span class='ocrx_word' id='word_1_310' title='bbox 266 3825 355 3895; x_wconf 91' lang='lat' dir='ltr'><strong>atque</strong></span> <span class='ocrx_word' id='word_1_311' title='bbox 377 3827 411 3879; x_wconf 92' lang='lat' dir='ltr'><strong>ut</strong></span> <span class='ocrx_word' id='word_1_312' title='bbox 432 3817 468 3881; x_wconf 88' lang='lat' dir='ltr'><strong>de</strong></span> <span class='ocrx_word' id='word_1_313' title='bbox 491 3818 661 3898; x_wconf 84' lang='lat' dir='ltr'><strong>disputandi</strong></span> <span class='ocrx_word' id='word_1_314' title='bbox 683 3818 799 3879; x_wconf 89' lang='lat' dir='ltr'><strong>ratione</strong></span> <span class='ocrx_word' id='word_1_315' title='bbox 820 3818 950 3898; x_wconf 92' lang='lat' dir='ltr'><strong>primum</strong></span> <span class='ocrx_word' id='word_1_316' title='bbox 973 3814 1145 3890; x_wconf 85' lang='lat' dir='ltr'><strong>conveniat,</strong></span> <span class='ocrx_word' id='word_1_317' title='bbox 1174 3815 1223 3877; x_wconf 85' lang='lat' dir='ltr'><strong>vel</strong></span> 
     </span>
     <span class='ocr_line' id='line_1_41' title="bbox 145 3899 1223 3981; baseline 0.003 -22"><span class='ocrx_word' id='word_1_318' title='bbox 145 3901 247 3979; x_wconf 90' lang='lat' dir='ltr'><strong>potius</strong></span> <span class='ocrx_word' id='word_1_319' title='bbox 269 3919 308 3963; x_wconf 86' lang='lat' dir='ltr'><strong>no</strong></span> <span class='ocrx_word' id='word_1_320' title='bbox 330 3902 397 3979; x_wconf 88' lang='lat' dir='ltr'><strong>quis</strong></span> <span class='ocrx_word' id='word_1_321' title='bbox 419 3911 504 3981; x_wconf 88' lang='lat' dir='ltr'><strong>putet</strong></span> <span class='ocrx_word' id='word_1_322' title='bbox 518 3902 609 3966; x_wconf 72' lang='lat' dir='ltr'><strong>‘aliter</strong></span> <span class='ocrx_word' id='word_1_323' title='bbox 631 3904 704 3967; x_wconf 79' lang='lat' dir='ltr'><strong>nnec</strong></span> <span class='ocrx_word' id='word_1_324' title='bbox 727 3903 856 3979; x_wconf 82' lang='lat' dir='ltr'><strong>earmina</strong></span> <span class='ocrx_word' id='word_1_325' title='bbox 871 3902 1021 3966; x_wconf 90' lang='lat' dir='ltr'><strong>tractanda</strong></span> <span class='ocrx_word' id='word_1_326' title='bbox 1034 3919 1112 3977; x_wconf 82' lang='lat' dir='ltr'><strong>esse,</strong></span> <span class='ocrx_word' id='word_1_327' title='bbox 1133 3899 1223 3962; x_wconf 88' lang='lat' dir='ltr'><strong>aliter</strong></span> 
     </span>
    </p>
   </div>
   <div class='ocr_carea' id='block_1_14' title="bbox 0 0 1348 4482">
    <p class='ocr_par' dir='ltr' id='par_1_14' title="bbox 0 0 1348 4482">
     <span class='ocr_line' id='line_1_42' title="bbox 0 0 1348 4482; baseline 0 4"><span class='ocrx_word' id='word_1_328' title='bbox 0 0 1348 4482; x_wconf 95' lang='lat' dir='ltr'><strong> </strong></span> 
     </span>
    </p>
   </div>
  </div>
 </body>
</html>
