2686 4482
415 208 454 251 un
474 208 600 252 onustans
621 209 807 252 mammis.
1087 194 1146 258 127

158 361 191 422 in
214 361 262 421 his
284 360 408 422 canticis
430 377 551 440 perraro
573 359 654 421 vides
676 358 712 419 ab
735 360 840 421 ordine
862 361 1024 440 antiquitus
1040 362 1147 424 tradito

77 446 274 508 recedendum
304 445 396 507 luisse
424 453 453 506 et
481 444 524 505 eis
547 445 665 523 quidem
688 444 761 506 loeis
784 447 961 525 plerumque
982 446 1013 507 in
1037 447 1146 525 quibus

78 530 262 593 delectione
284 529 373 591 simul
395 529 588 591 dubitandum
613 538 682 590 erat.
724 531 804 609 quod
826 531 851 591 si
873 530 904 591 in
927 533 1147 611 Agamemnone

78 615 174 695 paullo
197 615 316 696 saepius
338 616 473 675 ordinem
495 633 510 675 a
532 613 661 675 librariis
678 614 828 675 turbatum
844 617 1043 691 restituemus,
1066 617 1095 678 id
1111 632 1146 679 eo

78 702 190 762 minore
211 718 280 761 cum
302 699 435 780 periculo
457 700 609 773 iaciemus,
632 717 692 778 qua
706 701 817 760 certius
833 700 888 761 iani
905 710 1020 764 constat
1035 711 1145 763 metro·

79 803 140 847 mm
163 804 272 866 genera
296 785 326 846 in
343 786 564 863 Agamemnone
587 785 647 846 lere
671 784 770 845 eadem
790 803 866 862 quae
881 786 911 846 in
929 786 1043 867 Oedipo
1059 805 1146 849 usur·

79 879 140 950 pata
169 890 244 932 esse.
288 870 341 931 sed
371 888 444 930 nova
473 887 593 947 quoque
622 869 749 929 inveniri
777 869 892 950 primus
920 871 1017 931 statim
1044 891 1146 934 remus

80 955 159 1017 docet
180 956 258 1020 589:

277 1040 331 1100 haas
353 1058 439 1119 quara
461 1038 540 1099 dalea
561 1038 671 1099 maluae
691 1040 861 1101 mortalibus
882 1041 1011 1102 additum

81 1125 275 1205 asclepiadeus
303 1123 416 1185 seilicet
443 1121 540 1183 addita
569 1131 636 1201 post
664 1129 814 1185 caesuram
847 1125 970 1204 syllaha3
1006 1145 1032 1186 r.
1061 1127 1081 1186 i.
1109 1125 1146 1188 ad

82 1230 104 1270 r.
126 1212 194 1273 594.
217 1243 259 1254 -
280 1228 308 1268 r.
332 1210 408 1271 593:

277 1293 376 1355 acilus
396 1292 471 1354 haas
492 1303 588 1353 terror
607 1310 657 1352 aaa
679 1297 841 1373 inpotentis

22 1388 23 1449 ξ
83 1399 136 1442 non
157 1386 256 1461 potest
277 1380 355 1441 inter
377 1375 535 1457 sapphicos
557 1396 587 1456 p.
606 1379 666 1440 126
684 1385 872 1441 enumeratos
886 1378 1053 1455 recenseni;
1077 1399 1144 1441 nam

22 1462 24 1521 l
82 1484 143 1527 cnm
162 1464 311 1526 molossus
332 1463 473 1549 terendus
501 1462 555 1535 sit,
585 1462 695 1522 cretico
718 1464 749 1524 in
772 1464 933 1525 choriambi
955 1465 1053 1526 locum
1076 1484 1145 1525 suc·

22 1568 24 1629 ς
82 1551 194 1612 cedente
222 1548 339 1610 numeri
365 1564 494 1644 prorsus·
512 1546 678 1608 abolentur
724 1548 852 1627 priorem
875 1549 1008 1628 sapphici
1031 1557 1144 1646 partem

22 1658 23 1667 ¹
84 1654 144 1696 cum
172 1635 270 1715 priore
299 1632 398 1694 alcaici
427 1631 618 1693 coniunxisse
639 1632 770 1707 videtum
800 1651 856 1694 nec
877 1635 1001 1694 lormsse
1023 1635 1096 1694 istos
1118 1634 1144 1695 si

22 1752 24 1781 t
84 1720 124 1781 dis
143 1721 234 1800 placet
255 1717 416 1798 sapphicus
435 1716 521 1778 aliter
541 1716 634 1778 voluit
656 1718 796 1806 intellegi.
831 1718 946 1779 numeri
964 1729 1061 1780 autem
1078 1737 1139 1779 era-

85 1813 178 1866 serum
198 1803 350 1877 trochaici,
373 1813 453 1864 utr.
470 1803 532 1865 589
556 1801 699 1881 dactylici,
724 1813 753 1864 et
774 1822 877 1864 versus
900 1803 1016 1883 qualem
1032 1804 1143 1865 ilarius

22 1936 23 1969 2
84 1888 152 1951 Plot.
173 1891 243 1964 530,
266 1890 285 1949 2
308 1887 473 1948 trimetrum
496 1886 678 1949 trochaicum
700 1887 985 1967 brachycatalectum
1008 1888 1142 1950 colurum

86 1974 207 2036 chorium
235 1972 509 2053 palintroohaicum
530 1972 650 2032 nomine
673 1973 871 2051 sesquipedali
894 1984 1048 2055 nuncupat
1067 1967 1144 2036 ‘mm

86 2063 195 2140 galapiae
204 2061 289 2139 podas
305 2055 442 2120 trochaici
453 2060 541 2118 metri
557 2069 718 2136 poscuntur,
742 2058 868 2120 dedentes
890 2078 947 2120 essa
968 2077 1029 2132 soar,
1051 2070 1084 2121 at
1106 2063 1144 2120 sit

86 2148 233 2206 tamarum
254 2142 439 2205 aaatclactam

277 2233 428 2289 immemor
448 2230 536 2288 aruis
558 2227 654 2287 domos
675 2222 805 2289 emeras?

88 2331 202 2392 sequens
221 2331 341 2375 versus:

270 2394 398 2478 procella
417 2397 554 2475 fortunae
575 2406 667 2456 meoet
689 2407 741 2456 aut
761 2400 855 2477 irrigui

23 2490 25 2511 ³
88 2482 127 2543 rel
141 2483 323 2585 sapphicus
309 2480 419 2543 adiecta
434 2498 570 2543 anacrusi
562 2480 630 2540 rel
646 2480 745 2559 potius
761 2481 888 2543 aleaious
903 2481 1144 2563 dodecasyllahus

28 3796 31 3869 Ῐ

89 2574 141 2628 est:
162 2559 323 2647 lintax*
303 2562 387 2647 αγνὰ
407 2561 787 2670 μειλιχόμειδεΣαττφοῖ
801 2564 907 2647 (Heph
924 2587 953 2647 p.
970 2572 1023 2644 45,
1037 2571 1078 2630 22
1094 2567 1141 2628 W.

85 2656 264 2754 περιττεῦον
288 2648 495 2733 celludri·
456 2673 495 2734 ap
518 2646 714 2733 τελευταίᾳ)
693 2651 787 2727 ).cl
811 2651 979 2713 Manvict.
1007 2656 1143 2727 101‚1o

85 2730 170 2799 alea
187 2739 269 2801 hmoo
291 2738 403 2818 guidam
421 2755 476 2816 par
497 2737 681 2798 adiectionem
702 2735 826 2815 syllabae
843 2738 904 2841 fiet
905 2741 963 2798 ita·
986 2737 1087 2799 Macae
1100 2741 1144 2797 rai

89 2818 199 2885 Pierides
220 2823 388 2903 storiasque
409 2823 528 2883 adsistat
548 2813 666 2901 Apollo.¹
699 2839 728 2899 p.
747 2825 817 2895 145,
838 2815 904 2885 18‘
908 2825 975 2882 item
997 2840 1011 2881 a
1033 2821 1144 2883 dachas

88 2906 189 2987 mepta
209 2920 233 2970 et
254 2908 410 2988 sonipede,
438 2910 489 3008 pai
508 2909 622 2984 repetiti
640 2906 755 2984 faciunt
777 2906 944 2985 elegiacam,
972 2906 1121 2967 adiecto
1108 2925 1141 2965 aa

87 3010 168 3070 pauo
188 2994 294 3073 syllaba
315 3012 376 3054 aaa
397 3000 424 3052 et
445 2996 477 3052 ia
498 2992 590 3053 medio
611 2991 703 3053 altore
724 2995 848 3062 inserta,
872 2993 946 3071 quod
967 2989 1142 3083 thesmopho-
1161 3057 1164 3064 ,

89 3079 145 3137 rior
162 3091 285 3151 uocatur,
307 3087 340 3139 ut

273 3182 289 3224 o
308 3173 445 3243 perpetuo
467 3161 549 3223 tellas
571 3179 641 3241 guas
662 3179 739 3220 auae
760 3164 833 3241 riget
854 3172 920 3224 usto
941 3156 1025 3241 palu?

91 3252 114 3304 et
131 3247 224 3309 similia
246 3268 262 3309 e
286 3247 381 3310 Gaesii
402 3246 483 3308 Bassi
514 3245 648 3307 doctrina
669 3245 748 3324 apud
771 3246 976 3324 grammaticos
997 3247 1089 3308 multa
1113 3256 1142 3308 et

90 3337 155 3392 nou.
188 3334 296 3413 placuit
317 3341 415 3395 autem
437 3333 589 3393 inventum
612 3330 684 3391 illud
700 3339 814 3410 poetas,
836 3332 887 3410 qui
903 3340 1062 3412 praeterr.
1079 3333 1142 3393 594

89 3421 127 3474 ter
145 3419 238 3481 eodem
261 3438 334 3481 usus
357 3425 416 3479 est:
441 3419 513 3481 603.
538 3418 609 3479 616.
634 3416 696 3478 619

272 3522 331 3566 aaa
352 3504 423 3566 arlrs
445 3521 510 3563 cam
532 3510 591 3562 tota
611 3499 732 3580 populos
753 3503 890 3565 cadauer.

271 3607 410 3670 cucusam
431 3585 547 3649 Pelidae
567 3588 691 3647 nimium
713 3586 812 3664 feroci.

271 3687 322 3737 aut
345 3692 409 3735 aum
431 3673 540 3753 ipsam
564 3670 671 3732 Pelides
694 3675 806 3734 animos
827 3673 944 3749 feroces
1041 3722 1044 3727 ,

93 3782 270 3798 '‘Q——

92 3930 138 3985 m
154 3868 204 3993 :gp
208 3873 339 3943 ecthlipsis
358 3888 420 3926 non
428 3875 511 3927 minus
522 3874 672 3926 molestam
665 3889 692 3925 m
705 3887 764 3925 eam
776 3888 803 3923 r.
814 3870 860 3937 Ag
871 3871 912 3923 99
927 3868 984 3922 139
1002 3868 1068 3922 Med.
1081 3872 1141 3923 355
