2652 4486
568 240 710 284 rrunmnn
1110 224 1172 289 383

102 411 269 475 pronomen
286 398 320 453 ut
333 390 523 471 intellegatur
537 392 637 472 quales
652 392 788 454 dicantur
801 391 895 467 liberi,
919 390 1039 455 alterius
1054 399 1175 454 senten-

102 480 160 542 tiae
182 478 296 558 aptiora
324 476 437 539 traditis
465 476 553 538 verba
580 476 706 540 inveniri
728 496 789 539 non
818 485 991 557 potuerunt.
1035 477 1081 538 sin
1104 496 1173 538 vero
1201 536 1208 540 ,

101 562 241 627 traditum
264 570 342 624 esset
363 581 389 622 r.
416 562 616 625 10500000·
641 563 741 625 modus
763 563 877 626 010001ον
902 574 935 626 ut
963 562 1055 642 fumos
1076 563 1173 635 accius,

102 668 161 711 noa
183 648 400 728 etiamnunc,-
413 647 471 709 boc
493 646 565 726 quin
588 655 761 728 corruptum
785 659 862 711 esset
876 647 977 715 nullus
1000 647 1172 709 dubitarem.

189 769 251 832 330
294 766 407 828 taudem
428 770 507 844 repta
528 766 639 839 nobilib,

292 855 406 930 antiqui
424 866 513 930 panace
534 849 642 923 100001,

282 937 422 1016 ¹fratrum
444 940 600 1017 composuit
621 939 723 998 minos.

102 1041 128 1082 v.
143 1023 202 1086 337
221 1021 343 1100 Argivos
354 1020 464 1082 chorus
478 1022 656 1103 adloquitur.
678 1021 825 1083 indicatur
840 1021 897 1084 hoc
912 1021 1051 1083 carminis
1066 1040 1174 1101 prooe-

102 1107 163 1169 mio
185 1107 309 1168 actionis
339 1123 530 1186 progressus:
560 1107 615 1168 iam
639 1106 717 1168 enim
742 1105 832 1167 choro
855 1106 985 1169 innotuit
1010 1107 1173 1169 rediturum

84 1199 168 1255 'esse
182 1191 348 1272 Thyestem,
372 1209 460 1271 quem
482 1209 632 1254 arcessere
654 1190 771 1253 vixdum
794 1191 920 1255 decrerit
942 1195 1048 1255 Atreus
1070 1212 1174 1273 quem-

105 1296 163 1358 que
185 1296 211 1336 0.
234 1280 296 1341 aba
318 1276 375 1336 iam
398 1276 500 1338 adesse
522 1277 626 1340 merito
649 1276 799 1338 miramur.

189 1397 250 1460 388
294 1413 348 1458 retu
370 1407 408 1458 est
430 1399 480 1476 qui
499 1399 601 1458 anuuit
622 1395 703 1466 nitu,

111 1546 113 1551 ,
291 1498 346 1541 rea
367 1491 406 1542 eet
427 1484 477 1561 qui
497 1485 589 1562 cupiet
610 1479 692 1542 nibil.

8 1590 9 1593 ¹
103 1568 129 1627 i.
146 1567 208 1630 380
224 1570 253 1627 01
270 1565 331 1629 390
354 1565 443 1627 nimis
465 1574 527 1627 arte
548 1566 627 1627 inter
641 1584 673 1627 se
688 1565 857 1639 cohaerent,
880 1584 906 1626 v.
922 1567 985 1630 390
1002 1567 1089 1627 nimis
1104 1567 1175 1628 arti-

103 1652 204 1713 ficiose
219 1659 411 1731 praeparatus
427 1658 471 1712 est
485 1650 619 1713 versibus
635 1651 814 1723 381-387,
838 1668 924 1729 quam
941 1660 974 1712 nt
988 1652 1173 1715 interceden-

104 1744 161 1797 tem
185 1736 244 1816 pati
267 1735 414 1815 possimus
427 1754 559 1797 mancam
576 1736 752 1798 sententiam
774 1753 828 1797 rem
847 1741 887 1797 ‘est
908 1740 959 1815 qui
977 1741 1076 1799 metuit
1091 1737 1173 1798 nibil.

104 1839 171 1882 nam
193 1840 220 1881 v.
236 1821 298 1883 389
320 1825 412 1901 cripiet
434 1840 490 1883 nec
510 1821 581 1883 ferri
605 1839 661 1882 nec
685 1821 831 1882 emendari
854 1838 942 1899 posse
965 1820 1033 1882 olim
1057 1823 1174 1883 monui-

39 1932 42 1939 *
83 1924 180 1988 mus.
229 1915 380 1986 praeterea
409 1914 505 1967 autem
534 1905 673 1967 carminis
700 1914 855 1969 contextus
883 1905 993 1967 nnllam
1023 1906 1173 1968 dubitandi

103 1991 254 2053 materiem
277 1990 406 2070 praebet.
1103 2004 1104 2007 ’

439 2257 629 2327 abablius
652 2258 837 2339 [antinus]

188 2401 246 2460 441
294 2397 425 2460 coelestis*
440 2401 486 2459 iro
507 2415 576 2478 quos
594 2400 701 2478 premit
720 2401 838 2460 miseros
859 2399 939 2477 fucit,

290 2480 417 2544 bumana
437 2482 540 2545 nullos.

102 2568 184 2630 hunc
205 2566 302 2629 locum
326 2567 395 2628 dum
418 2576 510 2630 tracto
526 2566 611 2627 roll
634 2584 662 2645 p.
679 2568 740 2629 219
764 2585 824 2628 non
844 2566 1049 2646 intellegebam
1072 2568 1174 2629 buma-

102 2671 170 2715 nam
193 2652 264 2713 iram
289 2670 364 2731 quos
386 2662 499 2733 premat
515 2651 612 2714 nullos
626 2652 722 2712 lacere
743 2651 811 2726 dici,
834 2652 854 2712 i.
870 2672 895 2714 e.
912 2652 1032 2732 penitus
1055 2671 1173 2732 pessum

103 2736 180 2799 dare.
215 2737 331 2799 monuit
342 2736 559 2800 Habruclrerns.
593 2737 661 2798 item
678 2736 760 2797 locos
771 2755 848 2816 quos
863 2756 917 2817 per
928 2755 1065 2800 versuum
1077 2750 1174 2800 trans·

103 2821 279 2902 positionem
303 2841 406 2884 sanare
428 2823 537 2885 ibidem
559 2820 714 2902 temptavi,
739 2824 799 2886 510
816 2841 860 2902 sq.
885 2832 914 2884 et
937 2825 997 2888 563
1014 2842 1069 2903 sq„
1092 2822 1173 2885 illurn

102 2907 234 2969 faciliore
256 2907 396 2983 remedio,
426 2909 444 2969 i.
468 2928 494 2969 e.
517 2917 595 2969 recta
619 2907 860 2987 interpunctione
882 2908 1063 2983 sanandum,
1095 2908 1176 2969 bunc

102 3000 183 3054 recte
205 2992 343 3055 traditum
367 3012 432 3055 esse
454 2993 541 3071 longa
564 2992 627 3054 dies
650 2991 759 3052 docuit.

189 3114 251 3175 520
296 3111 394 3174 tobim
415 3113 521 3191 fluente
542 3111 666 3174 volucria
688 3112 790 3173 deutra
811 3114 915 3192 occipit

291 3197 433 3278 traditque
453 3197 535 3259 anobis
556 3196 681 3276 copulae
704 3200 842 3257 insertum
864 3215 942 3258 sune.

103 3281 202 3344 tolum
222 3283 358 3361 (luentem
380 3282 418 3353 E,
449 3281 540 3344 tabem
560 3283 679 3359 liuentis
699 3280 732 3341 Α.
785 3280 913 3360 primum
936 3299 1043 3342 moneo
1068 3282 1175 3354 caluom,

103 3385 164 3428 non
187 3367 279 3429 tolcae
301 3366 427 3446 probare
442 3367 601 3429 Etruscum
617 3367 753 3444 sequenti
769 3384 854 3427 versu
873 3366 1072 3447 praebentem,
1096 3367 1175 3447 qnod

103 3451 202 3513 omisit
222 3451 364 3526 Peterus‚
387 3457 541 3531 insertum,
569 3470 630 3514 non
652 3456 798 3514 inscrtum.
850 3454 886 3512 cl'.
909 3451 992 3513 Neue
1013 3451 1026 3511 l
1048 3470 1077 3531 p.
1101 3453 1174 3514 491.

90 3554 174 3616 ergo
197 3555 258 3598 non
281 3546 326 3599 est
347 3536 513 3598 verisimilis
535 3537 696 3598 Bnrmaaui
720 3537 889 3598 coniectura
915 3535 1008 3600 tabem
1028 3538 1173 3615 fluentem.

102 3639 227 3702 prorsus
249 3639 296 3683 me
319 3622 396 3701 lugit
418 3622 488 3702 quid
510 3622 678 3702 significare
699 3621 768 3684 velit
782 3621 942 3685 lluellerus
965 3622 1013 3698 (de
1035 3641 1067 3683 re
1090 3632 1174 3683 metr,

101 3725 132 3786 p.
149 3708 223 3781 377)
246 3706 345 3769 tabum
365 3708 525 3786 liuentem·
549 3726 605 3769 nec
627 3707 712 3769 lacile
729 3707 885 3789 quisquam
901 3707 1044 3769 concedet
1065 3708 1175 3769 barun-

102 3792 201 3854 dinem
218 3792 281 3854 tubo
295 3793 433 3870 liuentem
448 3793 504 3871 (sic
517 3791 673 3872 Peiperus)
688 3792 818 3872 ungulae
832 3793 972 3855 insertam
987 3792 1061 3855 tradi
1078 3811 1175 3873 posse.

102 3877 183 3956 quod
211 3877 275 3957 ipse
304 3877 390 3957 posui
419 3879 528 3956 fluente
556 3879 659 3941 deutra
682 3877 803 3939 nonita
832 3878 1014 3941 intellectum
1036 3877 1120 3939 velim
1143 3885 1177 3937 nt

101 3961 233 4025 membra
248 3980 362 4023 veneno
378 3965 484 4025 inleota
507 3963 599 4025 fluere
622 3962 702 4024 sanie
718 3969 748 4025 et
768 3962 835 4025 tabe
858 3963 935 4027 baud
951 3981 1017 4024 raro
1037 3963 1177 4026 dicuntur
