2776 4476
196 246 232 310 18
581 265 609 307 n.
625 264 730 308 uuuanr
743 262 872 309 seuerae

191 435 276 480 sacro
290 425 442 497 regentem
457 417 547 478 maria
562 415 657 477 votivo
672 415 775 477 colum.

192 521 278 564 auru
308 501 366 563 Pro
381 503 537 563 numinum
552 502 595 563 vis
610 518 734 576 summa,
748 518 804 581 pro
820 499 989 585 caelestium

191 599 290 651 rector
304 604 482 668 parensque,
496 586 583 649 cuiue
597 586 730 648 excussis
747 593 877 648 tremunt

141 734 144 739 Α
190 674 319 735 humana
334 673 411 748 telis,
426 670 546 752 impiam
561 670 639 751 regis
651 670 709 732 levi

192 776 347 839 compesce
362 758 491 819 dextram
507 791 549 803 -
563 757 635 836 quid
650 757 721 819 deos
735 757 844 816 frustra
860 751 989 835 precor‘l

191 844 371 923 ubicumque
386 861 428 919 es,
447 838 525 917 audi,
541 852 618 905 nate.
650 857 704 903 cur
717 839 816 902 subito
830 840 930 901 labant

190 928 296 1008 agitata
310 938 392 989 motu
408 925 538 1008 templa‘l
554 944 609 988 cur
622 926 716 1006 mugit
730 923 850 986 solum‘l

190 1014 336 1091 audimur,
352 1021 396 1075 est
411 1021 456 1075 est
469 1012 586 1074 sonitus
600 1010 738 1073 Herculei
753 1010 871 1090 gradus.

561 1179 711 1243 CHORVS

307 1374 312 1387 ,
397 1317 421 1378 Ο
435 1316 567 1379 Fortuna
582 1315 652 1379 viris
666 1315 763 1379 invide
778 1314 914 1390 fortibus,

318 1420 405 1481 quam
422 1419 482 1462 non
498 1420 591 1481 aequa
606 1401 694 1462 honis
707 1400 838 1481 praemia
853 1399 967 1463 dividis.

318 1487 512 1567 ‘Eurystheus
527 1485 604 1548 sacili
620 1496 725 1564 regnet
739 1485 770 1546 iu
786 1485 864 1560 otio;

318 1572 457 1634 Alcmena
473 1571 590 1650 genitus
605 1571 681 1632 bella
696 1589 750 1651 per
765 1570 863 1633 omnia

318 1657 461 1720 monstris
476 1657 599 1736 exagitet
614 1656 778 1719 caeliferam
795 1673 929 1719 manunt:

317 1742 465 1822 serpentis
480 1750 593 1803 resecet
607 1741 681 1803 colla
695 1740 811 1812 feracia,

319 1827 450 1908 deceptis
465 1827 574 1889 relerat
588 1826 661 1889 mala
676 1825 839 1899 sororibus,

317 1930 384 1976 cum
401 1929 506 1977 sotnno
521 1911 634 1973 dederit
648 1909 805 1990 pervigiles
820 1928 911 1990 genes

316 1997 414 2080 pomis
430 1996 567 2058 divitibus
582 1996 770 2076 praepositus
785 1995 893 2057 draco!

394 2082 515 2143 Intravit
529 2082 664 2162 Scythiae
680 2080 850 2158 multivagas
865 2080 969 2143 domu

318 2174 347 2229 et
361 2175 465 2245 gentes
479 2165 581 2246 patriis
596 2166 717 2228 sedibus
731 2166 873 2245 hospitas,

317 2252 495 2330 calcavitque
509 2251 577 2312 lreti
592 2258 673 2330 terga
690 2252 815 2330 rigentia

317 2345 347 2399 et
359 2336 450 2397 mutis
463 2336 584 2399 taciturn
599 2335 735 2398 litoribus
749 2354 840 2396 utare.

316 2421 376 2482 illic
391 2421 464 2483 dura
479 2432 581 2482 carent
592 2439 723 2500 aequora
737 2419 889 2495 fludlhus,

317 2514 346 2568 et
361 2524 419 2585 qua
434 2505 521 2586 plena
536 2514 612 2567 rates
627 2506 746 2568 carbasa
761 2506 926 2581 tenderant,

317 2591 445 2653 intonsis
460 2591 567 2652 teritur
581 2592 683 2652 semita
698 2592 849 2655 Sarmatis.

316 2684 372 2738 stat
387 2683 507 2756 pontus,
523 2676 636 2737 vicibus
651 2676 768 2738 mobilis
783 2676 901 2752 annuis,

316 2780 419 2823 navem
434 2780 515 2823 nuuc
530 2761 623 2824 lacilis
637 2781 720 2827 nunc
733 2763 863 2841 equitem
876 2760 947 2842 pati.

317 2845 377 2908 illic
391 2866 467 2926 quae
482 2847 575 2910 viduis
590 2848 729 2926 gentious
745 2848 879 2928 imperat,

316 2941 417 3017 aurato
432 2930 561 3012 religans
576 2931 625 2994 illa
640 2932 746 3009 balteo,

315 3017 440 3079 detraxit
454 3018 583 3097 spolium
601 3017 699 3080 nobile
713 3016 835 3097 corpori

316 3108 345 3162 et
360 3101 468 3182 peltam
483 3110 512 3162 et
527 3102 602 3165 nivei
618 3102 735 3165 vincula
750 3101 889 3183 pectoris,

313 3186 454 3247 victorem
469 3187 565 3266 posito
579 3187 746 3267 suspiciens
761 3205 850 3265 genu.

393 3270 457 3343 Qua
472 3290 525 3351 spe
541 3271 717 3352 praecipites
730 3281 816 3333 actus
830 3271 867 3333 ad
882 3271 1004 3346 intans,

313 3354 406 3417 audax
421 3356 465 3417 ire
479 3356 539 3417 vias
553 3356 769 3433 inremeabiles,
848 3354 851 3360 ’

313 3440 410 3502 vidisti
425 3441 542 3504 Siculae
554 3459 647 3522 regna
661 3439 879 3523 Proserpinae?

185 3626 299 3679 infernus
316 3625 368 3678 imo
385 3624 473 3677 sonuit
490 3640 505 3677 e
522 3624 602 3678 fundo
622 3625 706 3693 fragor
1217 3635 1259 3677 cta

188 3730 390 3743 m

270 3796 319 3847 cu
337 3774 426 3846 voela
444 3806 532 3860 rogem
549 3795 575 3845 A
643 3796 693 3847 sna
718 3794 804 3845 rator
871 3795 922 3847 cae
940 3808 971 3846 en
989 3797 1030 3847 aa
1047 3795 1072 3845 A
1139 3798 1191 3849 soc
1208 3796 1260 3847 au-

183 3861 305 3928 rystheus
326 3860 352 3910 Ε
437 3864 488 3916 cte
512 3862 606 3915 tuccia
624 3862 682 3913 uA
697 3866 811 3928 'coms
897 3865 947 3916 536
970 3862 1057 3915 multis
1075 3862 1134 3914 uA
1152 3865 1260 3927 eom}

182 3930 249 4044 {1³1}
257 3925 391 4042 teEnderent
408 3928 433 3980 Ε
527 3932 577 4005 546
600 3930 741 3998 suscipiens
760 3931 817 3982 uA
833 3946 904 3985 corr.
923 3933 943 3996 ς
1031 3933 1086 3985 '548
1109 3930 1259 3984 inremedia-
