2658 4488
465 294 467 297 v
519 272 659 314 rfllnsrns

46 439 139 481 cnon.
184 419 249 490 Quo
272 420 387 483 iuvenis
408 422 519 496 animo,
543 441 602 502 quo
624 422 689 484 tulit
711 416 794 486 vultu
817 423 943 499 necem?

45 525 138 567 uvnr.
184 504 272 567 Stetit
292 507 339 568 sui
361 525 484 569 securus
506 519 535 569 et
557 526 617 569 non
641 517 685 569 est
705 528 810 589 procos

47 591 153 672 perire
174 591 283 652 frustra
304 610 427 672 passus3
450 603 494 654 nst
516 591 662 670 illillerus

48 679 84 737 in
107 675 355 762 vuluereeusem
377 676 531 741 abscondit
554 687 583 738 et
603 678 724 758 penitus
744 697 882 760 premens

50 760 159 841 iugulo
181 779 302 822 manum
326 763 486 823 commisit:
510 763 615 824 educto
638 764 721 825 stetit

51 846 138 907 ferro
160 847 292 921 cadaver,
314 865 442 927 cumque
464 846 625 909 dubitasset
646 848 707 921 diu,

49 933 113 993 hac'
133 941 217 1012 parte
238 950 275 993 an
298 931 348 993 illa
369 933 497 1005 caderet,
519 933 552 994 in
574 942 712 1013 patruum
735 933 820 997 cadit.
872 998 877 1006 ,

53 1027 129 1087 tuno
150 1016 200 1078 ille
221 1017 257 1078 ad
279 1035 344 1078 aras
365 1016 545 1086 Plisthenem
568 1036 672 1079 saevus
692 1019 782 1083 trahit

51 1101 203 1182 adicitque
225 1102 323 1177 iratri;
346 1102 421 1164 colla
445 1121 585 1182 percussa
606 1111 754 1184 amputat3

52 1186 171 1248 cervice
192 1205 276 1249 caesa
296 1195 423 1249 truncus
444 1188 474 1248 in
498 1206 627 1268 pronum
649 1189 719 1260 ruit,

54 1271 215 1352 querulum
239 1272 369 1334 cucurrit
389 1259 541 1337 muimure
563 1273 677 1334 incerto
699 1282 797 1353 caput

54 1356 155 1418 cuon'
186 1355 261 1427 Quid
283 1357 390 1418 deindo
412 1358 528 1438 gemina
551 1357 639 1419 caede
661 1359 836 1438 perfunctus
856 1356 950 1421 facit?

53 1459 192 1524 puerone
213 1443 308 1522 parcit
328 1460 367 1503 an
389 1443 487 1505 scelus
507 1443 610 1505 sceleri
632 1440 762 1520 ingerit?

53 1547 141 1588 uror.
186 1526 262 1588 Silva
285 1527 404 1593 iubatus
426 1527 521 1608 qualis
543 1529 682 1589 Armenia
703 1527 751 1611 leo

53 1613 88 1674 in
112 1612 200 1673 caede
222 1612 314 1675 multa
335 1613 429 1675 victor
450 1621 581 1674 armento
604 1613 726 1677 incubat

55 1708 177 1775 (cruore
198 1697 291 1759 rictus
311 1697 445 1760 madidus
467 1706 497 1759 et
518 1698 601 1778 pulsa
624 1698 701 1760 famo
858 1770 862 1779 ¹

55 1801 120 1844 non
143 1781 230 1862 ponit
250 1782 325 1844 iras:
348 1783 418 1844 hinc
436 1791 469 1844 et
489 1783 561 1845 hinc
581 1792 682 1844 tauros
704 1800 844 1863 premens

53 1866 156 1933 vitulis
177 1868 308 1929 minatur
329 1868 417 1930 dente
439 1868 496 1930 iam
518 1868 595 1929 lasso
618 1869 723 1948 piger),

55 1971 121 2021 non
142 1951 226 2014 aliter
247 1954 354 2014 Atreus
375 1955 466 2014 saevit
487 1961 575 2033 atque
596 1953 639 2015 ira
661 1961 764 2027 tumet,

55 2039 229 2117 ferrumque
250 2038 366 2116 gemina
388 2039 478 2100 caede
499 2039 653 2119 perfusum
675 2050 791 2110 tenens,

57 2122 168 2184 oblitus
189 2123 220 2183 in
244 2142 331 2203 quem
354 2124 475 2199 fureret,
497 2124 603 2186 infesta
625 2142 714 2184 manu

53 2208 152 2286 exegit
172 2208 248 2269 ultra
271 2226 396 2288 corpus;
419 2228 454 2270 ac
476 2209 561 2288 pueri
583 2210 681 2270 statim

52 2304 175 2374 pectore
196 2304 334 2377 receptus
356 2294 435 2354 ensis
458 2294 489 2367 in
512 2304 595 2373 tergo
618 2293 737 2354 exstitit.

54 2378 133 2440 cadit
153 2377 203 2439 ille
226 2388 256 2439 et
277 2396 343 2439 aras
364 2379 509 2457 sanguine
531 2379 707 2458 extinguens
729 2395 783 2438 suo

53 2482 109 2545 per
131 2473 289 2543 utrumque
311 2463 418 2527 vulnus
438 2464 573 2525 moritur.
618 2482 702 2527 cnon.
747 2461 913 2527 Osaevum
934 2461 1047 2524 scelusl

53 2567 138 2609 nvnr.
181 2546 404 2610 Exhorruistisl
434 2549 577 2613 hactenus
598 2549 623 2620 si
645 2557 703 2610 stat
725 2548 817 2623 nolas,

54 2632 123 2713 pius
145 2646 198 2694 est.
243 2652 327 2697 cnon.
371 2636 416 2694 An
438 2633 630 2695 ultra'maius
651 2642 703 2694 aut
722 2633 851 2694 atrocius
1081 2642 1127 2707 tto

54 2728 158 2783 ustura
181 2715 310 2800 recipit?
353 2738 436 2779 uvur.
481 2719 607 2780 Sceleris
629 2719 710 2779 hunc
731 2718 821 2781 linem
843 2713 953 2797 putas?

55 2803 163 2882 gradus
185 2811 238 2865 est.
282 2821 366 2864 cnon.
411 2801 487 2874 Quid
509 2804 586 2866 ultra
607 2799 726 2883 potuit?
756 2800 864 2863 obiecit
885 2801 955 2862 seris

53 2887 189 2949 lanianda
210 2889 309 2950 forsan
332 2906 457 2968 corpora
479 2898 567 2970 atque
589 2888 658 2968 igne
678 2883 796 2950 arcuit?

53 2993 138 3034 usur.
181 2971 298 3035 Vtinam
320 2974 481 3035 arcuissetl
512 2993 550 3036 ne
572 2981 653 3052 tegat
674 2974 793 3037 functos
814 2972 925 3041 huntus

55 3077 110 3120 nee
132 3059 224 3120 solvat
244 3058 338 3138 ignisl
367 3057 470 3120 aribus
492 3057 654 3139 epulandos
675 3058 745 3118 licet
1081 3064 1129 3113 750
1159 3128 1165 3149 N

53 3144 183 3223 serisque
204 3143 287 3204 triste
309 3142 450 3223 pabulum
473 3144 565 3205 saeris
586 3142 684 3204 trahat
704 3175 746 3187 -—

53 3238 154 3289 votum
176 3237 221 3289 est
242 3228 297 3289 sub
319 3229 378 3299 hoc
399 3227 478 3309 quod
501 3247 566 3290 esse
587 3227 767 3309 supplicium
788 3225 880 3286 solet:

54 3323 137 3395 pater
157 3312 322 3394 insepultos
344 3313 475 3394 spectetl
505 3332 523 3374 o
546 3313 629 3375 nullo
651 3313 747 3377 scelus

55 3397 193 3461 credibile
215 3399 247 3458 in
269 3417 340 3459 uero
363 3399 502 3478 quodque
525 3398 682 3479 posteritas
705 3406 792 3477 negot
811 3429 853 3440 -

56 3493 153 3564 erepta
171 3483 244 3543 rivis
265 3492 330 3545 exta
352 3482 521 3564 pectoribus
543 3488 674 3545 oemunt

56 3568 225 3649 spirantque
248 3587 337 3630 venae
359 3586 473 3649 corque
493 3568 588 3631 adhuc
610 3567 752 3649 pavidum.
770 3565 854 3640 salit3

56 3661 86 3715 at
107 3652 155 3713 ille
176 3653 265 3714 libras
287 3662 391 3715 uectat
412 3671 446 3715 ac
468 3654 526 3715 lata
547 3654 669 3734 inspicit

56 3789 257 3799 ——·--——·

113 3922 115 3928 ,
138 3873 185 3925 sat
205 3884 318 3936 queroue
336 3870 369 3922 Ε.
388 3869 535 3931 -scelere
553 3870 578 3920 Ε
646 3871 695 3922 732
714 3867 817 3919 invntus
834 3864 859 3916 Ε
904 3853 913 3863 ’
935 3866 985 3918 739
1002 3868 1084 3917 rueret
1102 3867 1127 3923 Α

8 4000 9 4003 Ἰ
57 3938 246 4004 illutoulgo
300 3940 532 3995 ldlnonstetA
591 3940 640 3991 745
660 3937 716 4003 plus
734 3936 836 3987 estA·
885 3935 1026 3988 'lbllneA
1077 3937 1125 3989 751

55 4006 136 4059 tradet
152 4007 177 4057 Ε
240 4009 289 4059 757
307 4006 398 4072 incipit
415 4006 440 4056 Ε
