2720 4488
554 261 672 307 umidis
733 300 738 315 „

66 412 125 493 qui
147 430 215 474 saxa
238 412 317 475 dulei
339 411 427 473 traxit
446 411 595 492 Anaphiun
617 431 707 488 sune;

65 499 212 581 interque
233 506 319 559 natos
340 497 471 559 Tantalis
493 499 611 559 tandem
633 517 705 561 suns
746 548 752 567 „

65 593 138 646 tuto
161 582 289 663 superba
310 584 369 643 lert
390 591 479 663 eaput
500 584 577 665 laetu
599 601 686 662 grave
738 578 828 652 hun*
844 585 872 653 ⁸,
892 580 1002 664 stem

68 677 101 729 et
125 676 263 730 numerat
282 668 411 729 umbras.
455 662 618 748 peiei‘hae
640 667 774 747 genetrix
795 600 906 731 ubstL

9 752 13 761 '
68 752 233 815 furibunda
255 754 366 832 Agaue,
387 760 447 814 tnta
470 771 557 833 quam
579 755 715 831 sequitur
735 771 841 815 manns

67 837 179 918 partita
201 856 318 917 regemz
342 837 477 917 sequitur
498 846 528 900 et
547 839 676 900 Bacchas
698 838 777 900 laeer

67 921 224 984 Pentheus
245 931 385 1002 tenetque
407 941 510 984 saevus
532 924 618 984 etiarn
642 941 725 984 nunu
746 922 850 985 minas.
942 936 945 941 “

68 1007 192 1069 tandem
213 1017 333 1069 vocatus
354 1026 442 1087 saepe
464 1007 670 1087 pudibundum
693 1007 796 1069 extulit
870 1068 875 1077 ,

70 1101 163 1172 eaput
184 1103 273 1172 atque
295 1092 330 1153 ab
353 1092 435 1154 omni
456 1091 577 1154 dissidet
599 1093 684 1155 turha
706 1092 812 1172 prouul

71 1179 211 1258 celatque
234 1186 327 1239 semet
348 1178 448 1254 (instat
470 1185 500 1239 et
520 1177 634 1257 Stygias
656 1195 762 1257 preees

70 1263 204 1342 geminat
224 1262 372 1338 sacerdes,
394 1262 542 1325 denee'in
564 1270 699 1343 apertum
721 1262 821 1324 efferat

70 1347 172 1409 vultus
194 1348 326 1427 opertos)
347 1347 437 1410 lanis
457 1380 501 1393 -
522 1348 574 1409 ieri
597 1349 722 1408 herren:

70 1432 155 1495 stetit
175 1451 229 1512 per
250 1440 332 1494 artus
353 1432 500 1513 sanguine
519 1433 614 1495 effuso
639 1431 789 1506 horridus,

9 1502 202 1598 &paedore
223 1517 310 1578 foede
333 1517 494 1596 squalidam
518 1517 652 1579 ubteetus
674 1535 798 1591 comam,

72 1611 104 1664 et
124 1602 299 1676 oreqrabide
320 1603 414 1664 latur:
458 1603 495 1664 ‘0
518 1600 617 1664 Cadmi
639 1603 738 1675 ebera,

71 1705 181 1749 eruore
203 1705 320 1766 semper
340 1687 414 1749 laeta
437 1697 562 1765 cognate
584 1688 700 1762 dnmns,

71 1768 185 1834 vibrate
206 1773 334 1852 thyrsos,
355 1774 466 1842 enthea.
483 1781 567 1834 natos
589 1790 679 1833 mann

71 1857 200 1919 lacerate
221 1859 321 1938 potius
342 1891 388 1935 -.
406 1857 566 1920 maximnm
587 1856 697 1918 Thebis
718 1855 816 1918 scelus

72 1952 226 2004 maternus
248 1960 331 2004 amer
352 1951 406 2004 est.
449 1943 553 2023 patria,
573 1961 636 2004 non
656 1942 699 2003 ira
721 1941 819 2012 deum,
917 1992 920 1999 .

75 2027 260 2089 sed'seelere
282 2028 410 2107 raperis:
434 2047 496 2089 nun
518 2028 597 2106 gravi
618 2026 690 2089 llatu
712 2026 764 2087 tihi

72 2112 221 2174 luctificus
243 2115 350 2175 Auster
373 2131 429 2173 nee
451 2110 677 2193 parum-pluvie
699 2110 820 2173 aethere

73 2198 175 2260 satiata
195 2196 284 2277 tellus
305 2197 398 2259 halitu
420 2197 500 2259 sieen
522 2206 620 2273 necet,

73 2283 126 2344 sed
149 2300 201 2343 rex
223 2292 376 2358 cruentus,
397 2282 491 2363 pretia
514 2283 565 2361 qui
588 2300 689 2343 saevae
711 2280 793 2343 neeis

75 2377 191 2447 sceptra
214 2377 243 2429 et
265 2367 408 2429 nefandos
429 2376 556 2447 oeeupet
575 2366 717 2429 thalamus
739 2365 859 2446 patris..

17 2521 20 2527 ¹
75 2452 168 2512 invisa
190 2451 305 2532 prules:
328 2453 380 2513 sed
401 2461 500 2514 tamen
522 2452 607 2532 peior
628 2470 736 2531 parens

9 2602 10 2605 ,
76 2554 164 2615 quam
187 2545 284 2612 natus,
307 2545 391 2599 utern
413 2553 518 2598 rursus
540 2537 669 2598 inlaustn
691 2537 798 2614 grauis

76 2621 195 2700 egitque
217 2622 249 2683 in
272 2630 355 2684 ortus
376 2630 470 2683 semet
491 2630 521 2682 et
539 2622 628 2683 matri
648 2622 767 2701 impios!

74 2707 154 2767 letus
174 2708 308 2785 regessit,
330 2707 442 2787 quique
463 2707 511 2767 vix
530 2724 596 2768 mos
617 2718 662 2768 est
683 2705 756 2767 ieris

77 2791 181 2852 lratres
203 2791 261 2853 sihi
281 2791 345 2871 ipse
365 2786 472 2871 genuit
491 2824 535 2837 -
555 2790 731 2871 implicitum
753 2789 863 2852 malum

75 2876 228 2956 magisque
248 2885 415 2938 monstrum
438 2877 571 2956 Sphinge
592 2876 766 2956 perplexum
787 2882 851 2937 sua.

77 2971 116 3037 te,
137 2972 166 3022 te
188 2970 310 3023 eruenta
331 2972 448 3042 sceptra
469 2961 525 3041 qui
541 2962 643 3024 dextra
666 2960 753 3039 geris,

76 3056 106 3108 te
127 3058 211 3127 pater
231 3046 345 3111 inultus
366 3047 442 3111 urbe
462 3065 531 3108 uum
551 3045 613 3107 tnta
634 3055 731 3126 petam

76 3141 107 3192 et
128 3150 243 3193 meeum
265 3131 378 3211 Erinyn
400 3131 569 3212 pronubam
589 3130 708 3193 thalami
732 3129 856 3205 traham,

75 3217 188 3278 traham
209 3216 226 3278 †
245 3227 384 3278 senentes
405 3217 535 3293 verbera,
558 3217 700 3279 incestam
721 3215 842 3277 demum
915 3214 917 3220 '

76 3310 185 3362 vertam
207 3309 237 3362 et
257 3311 379 3380 penates
401 3302 492 3380 impin
515 3301 607 3363 Marte
628 3300 770 3362 obteram.
901 3313 902 3316 ’

78 3385 202 3464 proinde
223 3387 343 3466 pulsum
365 3386 474 3451 finibus
495 3404 595 3465 regem
618 3386 701 3448 nnius

1102 681 1148 734 ala

162 3590 213 3639 titt
229 3587 302 3653 gravi
318 3587 346 3638 Α
394 3590 444 3640 615
463 3586 521 3649 hee]
538 3588 602 3647 αις
654 3588 703 3638 611
721 3583 825 3637 bneehis
842 3599 877 3634 oe
892 3582 1002 3636 bneehus
1020 3583 1146 3647 (rieAz)

79 3668 148 3705 mare
167 3670 218 3705 ree.
235 3653 261 3705 Ε
278 3653 403 3706 Bnechnm
422 3658 441 3719 ς
457 3655 578 3720 (Aldina)
647 3657 696 3721 625
714 3653 833 3719 ubtemns
850 3650 899 3705 ΕΑ
916 3653 1027 3713 eemg
1094 3653 1145 3704 628

78 3721 185 3789 psnthea
203 3722 229 3773 h
313 3725 363 3777 629
381 3722 540 3775 maceratell
622 3725 673 3774 634
689 3720 800 3788 praemla
818 3720 843 3771 A
927 3718 978 3772 638
995 3717 1050 3784 egit
1065 3717 1146 3785 quis*

76 3790 200 3853 (Aldina)
267 3791 491 3855 639rix1neeA
557 3792 607 3843 641
626 3788 755 3857 spiugell
823 3790 874 3841 644
891 3784 989 3854 erpuini
1007 3786 1146 3854 prennbnrn

80 3857 218 3911 liberium
250 3860 362 3912 renubns
380 3861 404 3910 A
473 3862 522 3912 645
540 3856 691 3910 sonantisll
707 3859 840 3909 sonantem
858 3854 1007 3907 menemus
1024 3859 1092 3906 terte
1108 3855 1146 3913 ip·

78 3932 197 3979 sonantes
241 3964 249 3980 .
267 3928 392 3980 theaiur
410 3927 470 3980 adv.
487 3944 513 3995 p.
531 3926 581 3979 175
609 3931 640 3978 tr.
658 3924 771 3989 silentes,
787 3924 892 3976 verbere
910 3922 943 3973 de
955 3923 1145 3976 Wlamewitz.

78 4022 112 4032 —
126 3993 283 4060 incertam&

128 4095 223 4138 smera·
236 4095 362 4146 unguentes
379 4062 414 4138 ΙΙ.Ι
913 4095 943 4146 13
