2658 4488
187 209 251 273 222
573 232 601 276 ι.
623 232 728 276 ruram
750 222 901 277 scuarin·

188 380 394 461 tumidumque
415 381 513 461 pando
535 382 660 444 transilit
683 384 771 446 dorso
795 403 874 447 mare

187 464 359 545 Tyrrhenus
382 466 462 528 omni
486 466 575 546 piscis
598 468 707 530 exultat
733 471 808 531 freto

186 550 335 632 agitatque
357 569 445 631 gyros
468 561 497 612 et
518 571 617 614 comes
639 553 722 614 lateri
744 554 871 630 adnatat,

187 635 300 697 anteire
323 655 412 698 naves
434 636 527 698 laetus
551 646 579 699 et
601 656 706 700 rursus
728 639 830 719 sequi3

187 739 269 782 nunc
292 722 384 800 prima
407 730 533 800 tangens
555 734 650 785 rostra
673 724 785 785 lascivit
806 724 927 799 chorus,

186 805 370 868 millesimam
393 825 475 868 nune
496 808 588 868 ambit
608 816 638 869 et
658 808 764 870 lustrat
785 818 886 871 ratem.

186 890 243 952 iam
266 891 335 953 litus
358 910 446 953 omne
469 894 579 970 tegitur
601 904 630 955 et
652 893 747 973 campi
770 893 861 956 latent

188 984 219 1037 et
241 975 328 1038 dubia
351 985 456 1056 parent
477 977 586 1039 montis
609 977 686 1039 idaei
708 980 793 1057 iuga;

186 1069 214 1122 et
237 1061 304 1137 iam,
326 1061 405 1141 quod
429 1080 522 1147 unum
545 1063 682 1142 pervicax
703 1064 780 1124 acies
803 1064 889 1139 viret,

184 1146 291 1208 liiacus
313 1156 375 1208 atra
399 1146 500 1207 fumus
522 1158 645 1228 apparet
667 1158 745 1209 nota.

184 1230 242 1293 iam
263 1232 337 1293 lassa
359 1231 445 1294 Titan
469 1231 543 1293 coila
564 1232 710 1294 relevabat
732 1233 812 1311 iugo,

184 1316 215 1377 in
239 1325 315 1378 astra
337 1317 394 1378 iam
416 1316 467 1378 lux
488 1335 593 1397 prona,
616 1318 671 1379 iam
696 1336 838 1399 praeceps
860 1318 932 1381 dies.

184 1400 288 1480 exigua
310 1401 406 1464 nubes
428 1402 546 1463 sordido
568 1421 707 1465 crescens
729 1403 817 1481 globo

184 1486 309 1548 nitidum
333 1487 463 1549 cadentis
487 1487 621 1567 inquinat
644 1487 754 1550 Phoebi
778 1487 877 1563 iubar3

183 1579 320 1651 suspecta
343 1572 440 1634 varius
463 1572 601 1634 occidens
624 1574 694 1635 tecit
715 1575 798 1635 treta.

183 1675 242 1718 nox
265 1658 359 1736 prima
380 1657 493 1719 eaelum
515 1667 663 1737 sparserat
683 1658 786 1732 stellis,
809 1658 906 1719 iacent

183 1742 298 1803 deserta
320 1751 407 1804 vento
429 1742 500 1803 vela.
545 1751 608 1804 tum
630 1761 766 1804 murmur
788 1760 884 1821 grave,

183 1826 291 1888 maiora
314 1827 463 1902 minitans,
487 1826 612 1890 collibus
635 1828 758 1889 summis
780 1828 856 1889 cadit

182 1920 338 1992 tractuque
360 1912 449 1992 longo
472 1913 542 1975 litus
564 1931 599 1974 ac
620 1922 721 1994 petrae
744 1924 882 1992 gamunu

181 1997 287 2075 agitata
308 1997 403 2059 ventis
426 1998 505 2059 unda
527 1998 659 2060 venturis
680 2008 788 2060 tumet:

182 2100 251 2144 cum
273 2082 371 2144 subito
395 2083 464 2144 iuna
488 2083 636 2157 conditur,
658 2083 759 2145 stellae
781 2083 882 2157 latent,

182 2168 213 2228 in
236 2177 312 2228 astra
334 2176 445 2247 pontus
466 2167 589 2241 tollitur,
612 2167 726 2230 caelum
749 2168 834 2248 perit.

182 2271 239 2314 neo
261 2271 318 2313 una
341 2261 484 2313 nonest:
510 2253 600 2314 densa
623 2252 761 2315 tenebras
783 2251 883 2313 obruit

183 2337 275 2417 caligo
299 2345 328 2399 et
349 2338 430 2399 omni
452 2338 518 2398 luce
542 2337 686 2399 subducta
708 2339 816 2399 fretum

182 2423 355 2502 caelumque
376 2422 489 2483 miscet.
534 2422 664 2502 undique
687 2422 865 2484 incumbunt
886 2422 974 2484 simul

180 2508 359 2587 rapiuntque
382 2507 504 2588 pelagus
526 2506 660 2568 intimum
683 2508 819 2569 'reverso
841 2507 910 2588 poio

180 2593 319 2655 adversus
343 2592 423 2654 Euro
446 2591 598 2672 Zephyrus
621 2603 650 2654 et
671 2592 783 2654 floreae
803 2591 908 2654 Notus.

180 2697 234 2739 sua
256 2679 382 2757 quisque
404 2676 492 2738 mittit
514 2677 570 2739 tela
592 2687 622 2738 et
644 2677 744 2739 infesti
765 2677 874 2738 fretum

179 2763 371 2838 emoliuntur,
393 2761 481 2822 turbo
503 2761 650 2823 convolvit
671 2781 767 2824 mare:

180 2847 367 2929 Strymonius
388 2847 460 2909 altas
484 2846 589 2927 Aquilo
613 2856 790 2928 contorquet
812 2846 894 2907 nives

178 2932 367 3014 Libycusque
388 2933 514 2994 harenas
536 2935 644 2994 Auster
665 2950 699 2995 ao
720 2934 822 3013 Syrtes
844 2932 919 3010 agit3

179 3037 236 3080 neo
257 3026 357 3079 manet
378 3016 408 3077 in
432 3020 554 3079 Austro:
578 3017 629 3078 ilat
651 3017 747 3095 gravis
770 3016 878 3078 nimbis
899 3016 1003 3093 Notus,

111 3102 114 3113 ¹
177 3102 273 3164 imbre
295 3111 383 3180 auget
405 3103 508 3179 undas,
530 3101 629 3164 Eurus
652 3102 796 3164 orientem
820 3110 917 3163 movet

177 3187 321 3249 Nabataea
344 3188 479 3267 quatiens
502 3205 594 3266 regna
616 3196 646 3248 et
667 3187 746 3248 Eoos
768 3187 868 3260 sinus;

179 3273 247 3354 quid
271 3271 391 3334 rabidus
414 3290 465 3333 ora
487 3269 581 3333 Corus
603 3271 722 3333 Oceano
745 3268 892 3333 exerens?

176 3358 322 3420 mundum
343 3356 455 3418 revellit
477 3355 596 3417 sedibus
618 3366 713 3418 totum
736 3357 808 3431 suis,
1206 3372 1251 3422 485

177 3445 319 3525 ipsosque
341 3451 430 3522 rupto
454 3442 590 3503 crederes
612 3441 693 3503 caelo
716 3441 787 3502 deos

261 3631 310 3681 451
331 3625 450 3691 omnis&
535 3628 584 3678 452
603 3625 749 3693 agitqueA
835 3628 884 3679 457
904 3627 1030 3692 patente
1115 3627 1244 3681 asserir

175 3697 244 3766 quod
262 3696 287 3748 It*
355 3697 405 3747 470
422 3695 481 3746 luna
500 3694 585 3746 subito
604 3699 630 3757 ς.
650 3723 682 3731 -
700 3693 790 3746 stellae
806 3694 902 3746 cadunt
919 3696 944 3745 A
1002 3696 1051 3746 475
1070 3693 1159 3747 intimo
1176 3709 1243 3748 ever·

175 3781 232 3820 sum
250 3763 305 3817 solo
318 3764 343 3815 Α
361 3765 479 3814 conieci.-
496 3760 610 3814 intimum
628 3762 698 3815 venti
716 3761 777 3828 polo
789 3762 874 3813 dolam
886 3761 971 3842 amo
989 3765 1035 3813 cui
1051 3777 1107 3814 non
1125 3767 1245 3814 conuenit

173 3833 410 3952 teremit
424 3829 612 3963 {bittunt
629 3829 842 3953 terrerum
860 3831 1088 3951 rutra
1138 3833 1190 3953 bt
1205 3835 1242 3952 t?

174 3966 249 4033 pidns
267 3966 299 4017 Α.
317 3979 480 4017 -occeano
498 3966 523 4016 B
590 3968 640 4019 485
658 3966 746 4018 revelli
764 3967 789 4016 Α
