2658 4488
365 964 532 1065 inormi
554 1006 683 1068 vunai

160 1136 232 1210 uuis
254 1138 417 1201 inferorum
440 1141 509 1202 sede
531 1139 567 1202 ab
590 1142 718 1205 inlausta
741 1146 866 1208 extrahit

69 1223 160 1285 avido
182 1224 303 1302 fugaces
324 1243 375 1286 ore
399 1235 566 1306 captantem
589 1227 681 1302 cibos,

70 1308 143 1389 quis
164 1308 240 1369 male
262 1311 385 1371 deorum
408 1311 533 1373 Tantalo
555 1310 630 1373 visas
653 1314 758 1391 domos

70 1394 205 1455 ostendit
226 1392 357 1456 iterum?
390 1397 475 1476 peius
496 1397 646 1458 inventum
669 1407 713 1459 est
734 1399 781 1460 siti

70 1488 177 1541 arente
199 1480 231 1540 in
253 1482 340 1541 undis
361 1481 524 1561 aliquidet
545 1482 630 1563 peius
650 1483 726 1544 lame

71 1563 177 1626 hiante
198 1563 339 1646 semper?
369 1565 487 1648 Sisyphi
510 1568 652 1647 numquid
676 1567 751 1649 lapis

71 1650 235 1728 gestandus
257 1650 366 1712 umeris
387 1648 520 1715 lubricus
541 1653 650 1714 nostris
672 1653 751 1715 venit

71 1747 124 1796 aut
145 1735 276 1797 membra
299 1736 388 1798 celeri
410 1737 549 1799 differens
571 1756 668 1822 cursu
682 1747 755 1813 rota,

67 1828 126 1898 aut
149 1839 244 1901 poena
267 1820 344 1901 'litpi
365 1822 418 1902 ,qui
440 1841 532 1903 specu
554 1831 633 1884 vasto
656 1833 760 1903 patens

72 1905 236 1967 visceribus
256 1915 334 1967 atras
355 1908 449 1987 pascit
471 1907 584 1968 effossis
605 1926 673 1971 ares

73 1999 104 2050 et
127 2001 215 2052 nocte
235 2010 376 2072 reparans
398 1992 540 2072 quidquid
561 1993 658 2055 amisit
679 1993 727 2054 die

75 2074 197 2155 plenum
218 2077 332 2137 recenti
354 2076 493 2157 pabulum
516 2089 649 2139 monstro
671 2075 768 2141 iacet?

74 2161 106 2221 in
129 2162 209 2241 quod
230 2161 339 2221 malum
362 2160 566 2223 transcribori
599 2182 618 2224 o
641 2163 775 2244 quisquis
798 2183 871 2225 nova

74 2245 220 2326 supplicia
241 2247 351 2307 functis
372 2248 465 2308 durus
487 2247 658 2311 umbrarum
680 2248 790 2311 arbiter

74 2330 217 2412 disponis,
239 2331 306 2393 addi
328 2330 353 2392 si
375 2332 446 2412 quid
468 2333 504 2394 ad
526 2351 639 2414 poenas
660 2343 757 2414 potest

76 2417 154 2496 quod
176 2417 240 2497 ipse
262 2424 362 2478 custos
385 2418 511 2479 carceris
533 2417 588 2479 diri
609 2419 737 2493 horreat,
809 2438 811 2442 ’
882 2417 886 2430 ’

75 2502 152 2581 quod
174 2513 303 2563 maestus
325 2503 461 2564 Acheron
483 2512 594 2583 paveat,
616 2504 653 2565 ad
675 2503 760 2589 cuips
781 2512 892 2564 metum

76 2604 130 2646 nos
151 2605 269 2666 quoque
291 2596 459 2662 tremamus,
481 2607 604 2668 quaere:
627 2588 685 2651 iam
708 2598 807 2649 nostra
829 2586 910 2649 subit

76 2690 92 2731 e
112 2670 202 2752 stirpe
223 2670 309 2733 turba
332 2691 406 2752 quae
428 2692 515 2734 suum
536 2673 633 2734 vincat
654 2692 749 2751 genus

76 2773 109 2816 ac
129 2774 176 2817 me
197 2755 387 2818 innocentem
414 2757 499 2842 iaciat
521 2767 549 2819 et
571 2759 673 2819 inausa
695 2759 807 2819 audeat.

51 2839 56 2844 *
75 2841 193 2919 regione
216 2841 357 2922 quidquid
379 2843 469 2923 impia
492 2852 586 2904 cessat
608 2842 666 2904 ioci

74 2927 291 3008 complebo-
314 2944 474 3007 numquam
497 2937 592 2989 stante
612 2927 738 3007 Pelopea
762 2927 849 2988 domo

76 3011 168 3072 llinos
189 3010 310 3073 vacabit.

359 3145 471 3207 van
508 3192 510 3199 ,

323 3246 426 3326 Perge,
448 3247 628 3309 detestabilis

77 3325 183 3405 umbra,
206 3343 234 3391 et
256 3343 378 3411 penates
399 3331 506 3413 impios
527 3333 612 3394 iuriis
633 3351 695 3412 age.

154 3530 266 3565 scaenae
282 3517 441 3569 imeribitur·
458 3513 558 3566 Tantali
577 3517 673 3571 umbra.
691 3512 764 3566 Furia
783 3514 808 3565 Ε
833 3512 964 3567 Tantalus.
981 3513 1097 3581 Megaera
1114 3518 1140 3566 A

76 3582 122 3643 (ric
137 3597 184 3645 per
201 3590 285 3635 rotam
301 3584 436 3648 scaenam)
492 3587 502 3636 l
523 3582 584 3644 Quis
603 3599 642 3636 me
660 3584 729 3635 iuror
746 3596 814 3635 nune
832 3584 892 3635 sede
905 3583 936 3633 ab
955 3582 1065 3635 inlausta
1080 3583 1139 3635 abs-

77 3648 147 3699 trahit
163 3650 188 3701 A
250 3652 358 3705 brivas
375 3654 408 3705 A.
425 3679 459 3690 -
477 3652 553 3703 domo
571 3652 596 3702 ld
659 3650 743 3704 belse
782 3650 808 3701 hi
825 3648 983 3717 nunquidE
1039 3653 1095 3704 9a.
1113 3668 1138 3717 p.

18 3728 20 3733 ·
76 3714 104 3768 Τ.
121 3731 218 3785 semper
235 3733 384 3774 accrescens
400 3720 471 3773 iecur
488 3722 513 3770 A
530 3719 575 3784 (ef.
595 3720 707 3770 Phaedr.
725 3720 740 3770 1
758 3719 803 3782 34)
856 3723 887 3771 to
905 3717 1052 3771 vulneribus
1062 3719 1139 3771 codd.

77 3791 190 3836 romanie
205 3789 338 3840 Acunum
399 3792 430 3841 ta
448 3793 567 3841 transscr.
585 3788 610 3838 Ε
675 3792 703 3841 lb
723 3786 789 3838 adde
806 3786 884 3840 codd.
903 3789 1024 3837 comit
1038 3785 1139 3838 Grono-

77 3856 136 3905 utos.
151 3882 186 3892 -
203 3862 278 3921 potes
295 3859 320 3907 A
374 3859 405 3910 18
423 3873 447 3908 n.
462 3872 487 3922 q.
500 3863 519 3909 t.
537 3862 564 3907 et
580 3870 605 3922 q.
614 3855 631 3907 i.
641 3871 666 3906 u.
679 3871 699 3908 s.
717 3855 832 3920 singulis
849 3850 1010 3905 eduense
1055 3858 1138 3921 ldsq.

76 3924 112 4039 :iic
131 3921 247 3988 drepente
268 3924 308 3975 E:
332 3940 389 3977 ac-
399 3925 476 3976 lauat
491 3924 496 3992 Ι
511 3931 537 3976 et
548 3953 568 3961 -
582 3923 685 3990 regione
700 3922 704 3990 Ι
719 3923 805 3990 quicq.
818 3952 832 3960 -
852 3922 987 3990 complebo
1002 3922 1006 3991 Ι
1022 3938 1107 3991 nnmq.
1117 3953 1138 3962 -

92 4003 145 4042 omo

99 4094 100 4097 ¹
123 4082 214 4123 seneen
227 4083 351 4133 tragoediae
365 4084 396 4124 ΙΙ.
903 4078 934 4128 16
