2790 4494
557 229 585 271 L.
609 229 714 271 ennam
735 229 862 273 SENECAE

303 379 406 441 discite
427 377 514 440 mites
535 378 671 442 Herculis
694 381 762 442 iras.

303 483 340 525 an
364 463 425 526 sola
447 463 565 543 placent
587 464 723 527 Herculis
745 463 848 527 arma‘l

303 549 379 611 iacet
400 557 468 610 ante
490 551 581 630 pedes
604 568 665 612 nou
688 551 785 612 minor
807 550 856 612 illo

304 635 438 715 supplice
461 635 587 715 supplex
608 637 755 715 vitamque
777 635 851 716 petit
872 670 913 682 —

301 737 428 799 reguum
450 720 557 782 Troiae
580 738 769 801 quocumque
791 721 868 784 volet

411 844 415 853 .
456 804 587 867 Fortuna
609 805 692 866 ferat.

174 908 249 951 vcrx.
293 889 393 951 Matris
417 890 535 970 quidem
557 909 605 952 me
627 908 743 953 maeror
763 892 903 953 attonitae
929 901 1034 970 movet,

175 974 270 1054 magis
291 972 430 1052 Pelasgae
452 994 500 1037 me
521 986 619 1037 tamen
641 983 749 1037 matres
772 985 899 1053 movent,

175 1078 301 1140 quarum
319 1059 379 1122 iste
400 1078 524 1139 magnos
546 1061 653 1123 crescit
674 1061 705 1122 in
728 1062 826 1124 luctus
849 1080 933 1142 puer.

175 1164 261 1206 nunu.
304 1143 373 1219 Has,
396 1144 449 1206 has
471 1145 572 1207 ruinas
594 1145 677 1206 urbis
699 1146 730 1206 in
753 1146 883 1208 cinerem
906 1148 988 1211 datae

175 1229 225 1291 hic
247 1227 405 1290 excitabit?
433 1230 488 1291 hae
510 1249 615 1292 manus
637 1230 754 1291 Troiam
777 1230 917 1310 erigenti

175 1315 273 1377 nullas
294 1314 383 1376 habet
404 1333 472 1394 spes
493 1316 592 1392 Troia,
614 1316 639 1377 si
661 1316 732 1378 tales
754 1316 851 1378 habet.

177 1419 237 1461 non
260 1399 304 1462 sic
326 1399 456 1461 iacemus
477 1400 580 1477 Troes,
602 1410 637 1462 ut
659 1401 797 1480 cuiquam
819 1410 916 1464 metus

176 1486 325 1566 possimus
347 1503 422 1547 esse.
467 1486 589 1565 spiritus
613 1486 730 1564 genitor
752 1484 843 1549 lacit?

176 1571 228 1632 sed
251 1588 358 1650 nempe
380 1576 500 1632 tractus.
545 1571 610 1651 ipse
631 1580 699 1652 post
720 1571 839 1633 Troiam
861 1580 944 1652 pater

175 1657 325 1736 posuisset
345 1655 469 1732 animos,
492 1673 597 1734 magna
620 1674 695 1735 quos
717 1657 860 1734 frangunt
881 1659 965 1720 mala.

176 1741 200 1803 si
223 1759 321 1821 poena
343 1742 463 1821 petitur,
486 1759 563 1820 quae
585 1742 646 1822 peti
670 1741 785 1819 gravior
806 1739 927 1822 potest?

176 1826 317 1886 famulare
340 1825 416 1886 collo
440 1826 533 1887 nobili
556 1827 659 1888 subeat
685 1826 797 1905 iugum,

176 1910 286 1972 servire
308 1910 403 1971 liceat.
447 1911 553 1991 aliquis
575 1912 632 1973 hoc
655 1911 717 1990 regi
742 1910 849 1989 negat?

175 2014 250 2057 mix.
293 1994 360 2056 Non
382 1996 440 2056 hoc
462 1995 567 2067 Vlixes,
590 1997 643 2058 scd
666 2007 753 2075 negat
775 1997 896 2060 Colchas
916 1997 979 2058 tibi.

175 2099 262 2142 nunu.
307 2079 537 2142 Omachinator
558 2081 668 2143 fraudis
691 2092 722 2143 et
742 2081 887 2144 scelerum
910 2083 1023 2157 artifex,

176 2166 283 2227 virtute
305 2165 390 2227 cuius
411 2164 516 2227 bellica
538 2185 625 2228 nemo
647 2166 764 2240 occidit,

178 2250 253 2311 dolis
275 2256 305 2311 et
327 2258 392 2311 astu
413 2251 561 2312 maleficae
582 2251 690 2311 mentis
713 2251 810 2312 iacent
855 2310 858 2317 ,

177 2336 263 2397 etiam
285 2334 409 2413 Pelasgi,
431 2344 525 2397 vatem
549 2344 579 2396 et
600 2336 733 2396 insontes
756 2336 827 2397 deos

176 2416 367 2502 praetendis?
396 2421 454 2481 hoc
476 2428 521 2482 est
542 2421 671 2501 pectoris
692 2421 807 2481 facinus
829 2421 883 2482 tui.

177 2513 324 2567 nocturne
346 2504 440 2579 miles,
462 2506 546 2567 sortis
568 2507 599 2567 in
621 2507 707 2586 pueri
732 2523 834 2566 necem

177 2592 234 2652 iam
256 2591 338 2651 solus
360 2591 450 2652 audes
472 2590 583 2669 aliquid
606 2600 636 2651 et
658 2591 737 2653 claro
760 2591 816 2652 die.

176 2695 251 2738 vum.
294 2674 394 2736 Virtus
417 2674 505 2737 Vlixis
527 2676 664 2738 Danaidis
686 2684 755 2737 nola
778 2683 823 2736 est
844 2675 914 2737 satis

177 2761 325 2840 nimisque
347 2760 523 2840 Phrygibus.
568 2780 629 2823 non
650 2770 733 2822 vacat
754 2760 837 2822 vanis
858 2760 935 2821 diem

178 2857 333 2910 conterere
354 2846 465 2907 verbis:
490 2865 613 2909 ancoras
636 2847 738 2908 classis
760 2846 840 2924 legit.

176 2950 262 2993 ouon.
305 2931 426 2992 Brevem
450 2950 562 2993 moram
583 2931 700 3010 largire,
723 2931 792 2991 dum
815 2928 945 2991 officium
968 2947 1076 3008 parens
1203 2941 1250 2992 766

178 3024 246 3078 nato
269 3034 442 3094 supremum
464 3017 555 3078 reddo
578 3023 607 3078 et
629 3016 764 3096 amplexu
788 3016 890 3076 ultimo

177 3101 277 3162 avidos
299 3099 416 3161 dolores
438 3102 521 3162 satio.
586 3120 660 3163 mix.
705 3101 837 3161 Misereri
860 3100 903 3161 tui

179 3187 293 3247 utinam
315 3184 426 3246 liceret.
477 3186 556 3266 quod
579 3196 677 3246 tamen
700 3185 796 3245 solum
822 3185 900 3259 licet,

178 3280 296 3352 tempus
319 3287 491 3353 moramque
513 3270 655 3332 dabimus.
699 3269 820 3331 arbitrio
843 3277 894 3329 tuo

178 3357 301 3437 implere
322 3355 465 3416 lacrimis:
495 3356 583 3417 fletus
604 3372 760 3416 aerumnas
781 3353 865 3416 levat.
1205 3367 1252 3418 766

178 3460 263 3504 annm
308 3440 332 3502 Ο
356 3441 441 3503 dulce
463 3441 582 3521 pignus,
605 3458 623 3501 o
646 3440 738 3502 decus
759 3439 857 3519 lapsae
880 3439 985 3501 domus

264 3631 313 3681 736
339 3642 425 3678 novoe
445 3641 561 3677 ,scaenae
584 3625 742 3675 inscribitur
760 3623 844 3677 Vlixes
871 3622 1047 3675 Andromacha
1074 3623 1207 3692 Astyanax
1224 3626 1251 3676 A

177 3698 238 3764 (om.
256 3696 310 3761 Ες)
379 3697 429 3748 739
447 3710 479 3746 an
497 3694 544 3746 lma
560 3694 593 3745 A.
611 3722 645 3730 -
662 3692 735 3746 datas
753 3695 778 3744 A
846 3696 896 3745 744
915 3693 1010 3745 fractus
1028 3692 1053 3743 Ε
1122 3696 1170 3746 747
1190 3693 1251 3745 sub-

177 3766 223 3817 dat
240 3765 265 3815 Ε
334 3767 383 3816 tao
407 3767 445 3814 et:
464 3766 518 3826 ος
587 3764 635 3814 756
658 3765 695 3812 et:
717 3761 773 3813 eld
842 3764 889 3811 767
916 3759 1004 3813 danais
1022 3761 1047 3811 Ε
1117 3764 1166 3814 768
1183 3762 1251 3830 phy-

94 3846 95 3851 *
178 3834 253 3899 gibus
271 3831 296 3881 Ε
347 3834 396 3885 759
414 3831 518 3899 legetE
543 3829 650 3897 legatA
668 3831 775 3893 corn&
827 3831 877 3881 766
895 3845 990 3880 nomen
1007 3828 1139 3896 praeficit
1154 3826 1252 3882 emm

178 3903 229 4017 76ὲ
247 3896 420 4016 amplexlusEId
477 3900 526 3950 762
544 3898 633 3950 dolore
650 3897 675 3947 Ε
726 3900 776 3950 764
794 3901 946 3964 tempusque
963 3912 1059 3949 moram
1077 3897 1102 3951 d.
1120 3897 1146 3948 Ε
1199 3901 1249 3953 766

179 3982 194 4018 o
230 3980 323 4016 ecuso
353 4005 359 4017 .
408 4006 411 4013 .
