2648 4478
518 226 556 269 bn
578 225 707 268 flauovtn
729 224 853 266 DETAED.

352 379 468 438 utinum
490 387 558 439 essct
579 380 695 439 utinum
715 376 794 455 ficata
815 379 847 436 th
868 373 1002 436 thalamis
1023 379 1093 437 meis

352 460 508 524 Herculeus
530 467 615 524 eneis.
658 462 724 522 huic
747 462 819 523 decet
840 461 922 538 fetro
944 462 1061 520 tumori.

147 565 259 627 terrum
288 563 345 624 iam
373 563 419 625 bis
448 563 504 623 sihi
533 563 660 640 elegerat
687 561 791 640 hisque
821 561 1001 641 improbaret
1025 561 1110 637 (845.
1137 560 1227 636 858).
1320 568 1321 611 ἴ

148 667 230 711 nunc
252 647 389 710 Herculis
410 647 597 728 potissimum
620 665 691 710 ense
712 646 768 708 sihi
791 646 976 725 pereundum
993 653 1086 724 putat.
1113 646 1228 724 etquis
1320 658 1321 707 3

146 744 301 814 poetarum
324 742 393 820 post
415 733 591 794 Pisandrum
614 742 643 793 et
665 731 867 793 Stesichorum
889 732 925 792 de
940 730 1077 793 Herculis
1091 748 1164 792 ense
1178 730 1227 790 lo·
1320 736 1321 795 l

148 827 235 881 cutus
258 816 323 880 est?
344 817 466 879 minime
481 817 646 898 Sophocles
666 835 734 878 cum
749 815 915 878 Deianiram
939 817 1018 878 ferro
1041 817 1116 885 mori
1137 816 1229 877 iaciat
1320 798 1321 855 l

149 911 179 965 et
195 904 227 965 in
242 903 369 965 thalamo
384 903 504 981 quidem
519 903 665 982 coniugis.
694 909 781 981 poeta
796 901 948 964 Romanus
962 922 978 963 a
990 901 1118 979 Vergilio
1133 919 1227 962 excu-

146 989 290 1050 sationem
312 997 442 1068 paratam
465 987 605 1061 habebat;
629 1004 697 1048 nam
719 1005 774 1047 cur
788 987 925 1048 Deianira
940 989 1004 1048 eiua
1023 995 1057 1047 ut
1071 986 1227 1048 Althaeam

62 1082 67 1095 ‘
148 1082 178 1134 et
198 1073 411 1135 Phaethontem
435 1091 495 1134 non
518 1072 663 1133 Didonem
679 1089 799 1152 quoque
815 1071 981 1152 exemplum
996 1068 1114 1133 sumat‘l
1137 1071 1227 1132 cuius

147 1159 191 1220 sic
213 1159 387 1220 meminerat
408 1157 559 1238 loquentis
583 1156 642 1234 (tv,
666 1158 756 1233 494):

351 1272 383 1322 tu
405 1270 510 1321 semota
527 1277 633 1339 pyrum
654 1269 723 1321 tecto
745 1261 883 1319 interiore
904 1258 955 1319 sul
981 1277 1069 1320 accras

351 1348 426 1423 era'qe
448 1354 475 1407 et
495 1362 579 1405 ormo
600 1346 661 1405 oiri
681 1342 804 1405 thalamo
827 1361 898 1424 quae
919 1344 983 1425 piaco
1004 1343 1121 1423 reliquit

351 1432 458 1510 impius
480 1432 654 1509 cunctusque
675 1430 769 1491 omnia
790 1462 832 1472 -

352 1547 395 1558 -
417 1531 504 1592 super
525 1516 699 1594 r‘mpouae.⁴l

147 1615 252 1677 mortis
275 1615 433 1678 consilium
455 1614 502 1674 his
523 1614 619 1676 verbis
642 1615 798 1675 confirmat
819 1614 919 1690 (922):

255 1790 259 1799 ὑ
353 1717 467 1795 frustra
490 1727 601 1778 teneatur
623 1714 671 1777 ille
692 1720 743 1796 qui
762 1719 863 1778 stmuit
883 1719 975 1778 mori:

346 1802 470 1881 proinde
492 1800 582 1863 lucem
602 1801 703 1880 supere
724 1801 865 1863 decretum
888 1811 927 1863 eet
948 1799 1028 1862 milri.

149 1902 265 1965 debuit:
289 1901 415 1980 proinde
437 1903 545 1962 trustra
567 1902 754 1962 meteretis.
784 1900 872 1962 dixit:
899 1903 1008 1962 frustra
1030 1912 1150 1963 tenetur
1172 1902 1226 1980 qni

147 1987 222 2049 mori
246 1985 384 2062 decrevit,
406 1985 533 2065 proinde
548 1986 623 2046 mori
638 1985 770 2061 decrevi;
793 1986 903 2048 frustra
918 1995 1043 2075 tenetuq
1054 1987 1105 2065 qui
1121 1987 1226 2050 statuit

146 2071 233 2148 mori,
255 2071 381 2152 proinde
402 2071 478 2132 mori
500 2072 599 2132 statui.
640 2071 691 2150 qui
713 2072 857 2133 Senecam
879 2071 952 2150 legit
972 2071 1039 2132 talia
1061 2072 1144 2133 illum
1161 2091 1224 2134 non

148 2157 331 2221 committere
353 2155 430 2217 haud
453 2155 580 2235 ignorat.

231 2243 323 2322 pudet
343 2239 501 2303 Herculem
523 2240 708 2302 lacrimarum
732 2242 854 2317 (monz

585 2347 648 2423 quis
670 2344 728 2404 dies
749 2343 852 2420 fletum
873 2339 1015 2418 Herculis,

351 2446 421 2508 quoe
443 2438 522 2489 terro
542 2424 636 2490 vidit?
657 2431 746 2489 siccus
767 2444 923 2489 uemmnus
944 2426 1008 2487 tuli.

350 2511 404 2574 titi
424 2511 456 2585 (i.
473 2531 498 2573 e.
520 2513 595 2591 pesti
618 2530 675 2591 qua
698 2511 896 2585 consumitur)
919 2511 971 2572 illu
992 2513 1085 2573 cimus
1108 2530 1180 2592 quae

750 2623 792 2676 tot
813 2613 886 2675 ela'n't
906 2612 994 2684 muln

351 2698 406 2759 tibi
425 2701 505 2760 cesset
526 2701 587 2759 uui.
628 2703 727 2779 primu
749 2710 775 2761 et
796 2710 861 2761 onte
883 2716 979 2759 omues
1000 2693 1074 2758 mihi

351 2785 454 2862 fletum
475 2783 627 2846 abstulisti.
672 2785 773 2846 durior
794 2802 866 2845 suno
887 2783 1003 2844 horrido

350 2880 376 2931 et
399 2868 512 2948 chalybe
533 2869 630 2930 vultus
651 2879 679 2930 et
699 2887 773 2949 coqu
795 2867 980 2949 Symplepode

349 2958 439 3015 rictus
460 2973 537 3016 meos
558 2955 679 3032 a‘nfrcqit
701 2965 726 3016 et
748 2954 897 3015 domimum
918 2951 1038 3033 caputet.

146 3072 234 3115 suurn
257 3053 369 3116 scilicet
383 3054 495 3117 vultum
511 3055 646 3135 superari
663 3074 723 3116 non
740 3055 874 3135 potuisse
890 3054 948 3116 nisi
963 3054 1019 3114 alio
1034 3050 1117 3112 vultu
1134 3050 1225 3112 etiam

146 3138 266 3199 duriore
295 3139 416 3218 putidus
438 3136 545 3201 sensus
575 3148 635 3216 est;
664 3157 725 3219 quo
748 3148 931 3220 quantopere
953 3137 1076 3217 ineptiat
1098 3135 1174 3197 scies
1198 3137 1225 3198 si

144 3223 370 3307 praecedentem
393 3225 539 3286 sermonis
562 3234 674 3303 partem
697 3225 870 3306 perlegeris.
912 3221 1019 3303 nempe
1041 3222 1148 3283 iterum
1167 3221 1225 3282 ite-

145 3326 273 3387 rumque
303 3317 426 3389 questus
454 3316 499 3371 est
525 3311 605 3389 quod
633 3320 747 3390 pestem
778 3330 853 3391 quae
881 3311 936 3370 fixa
965 3305 1101 3370 medullis
1133 3306 1225 3369 lateat

146 3411 316 3474 corpusque
347 3393 428 3455 intus
450 3395 649 3474 depopuletur
669 3395 768 3458 videre
790 3402 918 3475 nequeat
939 3394 1125 3471 multumque
1148 3390 1224 3452 divi-

145 3479 225 3541 navit
246 3497 410 3559 serpensne
433 3481 470 3541 sit
491 3499 529 3542 an
548 3481 657 3542 malum
672 3481 792 3561 aliquod
808 3490 837 3541 et
851 3476 972 3542 Herculi
988 3479 1132 3559 ignotum.
1163 3476 1223 3538 iam

147 3563 211 3624 eius
233 3564 316 3626 vultu
338 3565 430 3626 rictus
452 3583 523 3625 suos
545 3566 686 3628 infractos
708 3585 773 3628 esse
794 3566 922 3627 nuntiat.

148 3717 354 3728 ——-.—

231 3814 253 3880 ⁴)
271 3831 323 3882 quo
335 3814 412 3871 Silius
430 3834 532 3886 quoque
550 3818 653 3884 respicit
671 3816 769 3881 etvttt,
787 3819 820 3870 52
832 3815 904 3882 (ibid.
916 3817 964 3867 tls
981 3814 1039 3866 loco
1056 3812 1223 3878 interpolato)

143 3885 172 3940 et
188 3883 207 3945 l,
224 3885 257 3936 93
275 3889 338 3934 ante
355 3886 434 3948 pedet
452 3891 522 3938 ensis
540 3888 676 3954 Phrygiae
693 3889 770 3938 iacet.
807 3885 919 3938 Senecae
936 3882 995 3935 loco
1012 3882 1063 3934 iam
1080 3881 1222 3934 Farnobius

145 3948 284 4016 Vergilium
303 3950 426 4004 adhibuit.
