2652 4486
191 246 254 311 320
575 265 603 307 1.
625 263 730 307 annam
751 264 880 308 sanncan

190 414 287 477 merui
309 427 478 495 parentem:
502 414 614 479 contuli
638 415 717 478 caelo
740 416 831 479 decus

191 508 346 580 materque
367 519 414 564 me
436 502 574 582 concepit
595 502 626 563 in
648 501 751 564 laudes
772 502 858 565 lovis.

194 585 266 666 quin
289 585 363 667 ipse,
386 604 563 669 quamquam
585 586 729 668 luppiter,
753 588 831 650 credi
854 605 940 651 meus

193 681 278 752 pater
299 690 365 734 esse
386 673 510 752 gaudet3
533 690 622 754 parce
644 672 700 734 iam
722 672 862 748 lacrimis,
886 690 1011 755 parcns:

194 756 321 837 superba
343 767 451 821 matres
473 758 552 820 inter
573 758 724 838 Argolicas
746 759 814 820 eris.

196 841 267 922 quid
290 843 346 904 tale
368 843 444 907 luno
467 844 569 924 genuit
591 843 754 906 aetherium
776 861 884 924 gerens

195 936 346 1074 sceptrum
369 937 398 991 et
419 929 549 1074 'lopanpi
569 928 684 1076 nuptag
711 929 828 991 mortali
850 938 948 992 tamen

197 1017 619 1180 pppiupspepppppnvpppgp
631 1032 852 1177 puppc’spptapu,
867 1101 953 1164 vices

197 1182 279 1245 solus
302 1182 436 1246 relictus:
459 1184 508 1247 ille
530 1184 582 1264 qui
603 1192 700 1247 vester
722 1203 821 1247 comes

198 1267 311 1349 ubique
332 1269 456 1346 iuemm,
479 1270 598 1333 Tartara
621 1279 650 1332 et
671 1288 773 1333 manes
795 1278 875 1353 peto.

198 1353 276 1415 bane
297 1364 395 1418 umen
416 1354 452 1417 ad
474 1355 550 1417 imos
572 1357 718 1436 perferam
740 1356 857 1420 laudem
879 1356 1030 1433 inclutam,

200 1439 279 1519 quod
302 1440 383 1502 nulla
404 1441 497 1521 pestis
518 1442 595 1504 ludit
615 1441 737 1504 Alciden
760 1442 855 1522 palam

200 1542 379 1605 omnemque
400 1534 514 1607 pestem
536 1527 605 1589 vicit
625 1527 742 1588 Alcides
763 1528 870 1609 palam.

549 1661 698 1727 CHORVS

385 1763 409 1826 O
434 1765 525 1827 decus
549 1766 662 1841 mundi,
686 1766 795 1829 radiate
817 1765 915 1841 Titan,

285 1850 369 1912 cuius
391 1851 426 1912 ad
448 1850 561 1932 primos
582 1850 692 1914 Hecate
713 1868 837 1931 vapores

284 1934 359 1998 lassa
381 1944 545 1999 nocturnae
565 1936 641 1998 levat
663 1955 714 1998 ora
735 1935 835 2013 bigae:

286 2021 333 2083 dic
349 2021 412 2083 sub
434 2024 548 2084 Aurora
570 2021 676 2103 positis
698 2021 827 2096 Sabaeis,

287 2105 334 2168 dic
356 2105 412 2168 sub
434 2125 542 2169 occasu
564 2107 669 2187 positis
691 2106 819 2180 Hiberis,

288 2191 399 2273 quique
421 2191 477 2254 sub
498 2191 631 2272 plaustro
654 2192 809 2272 patiuntur
831 2208 918 2254 ursae

287 2275 399 2357 quique
421 2276 545 2339 ferventi
568 2278 743 2356 quatiuntur
764 2295 827 2352 axe,

287 2361 335 2423 dic
355 2363 411 2425 sub
433 2371 570 2425 aeternos
591 2379 753 2443 properare
773 2379 875 2424 manes

287 2446 447 2510 Herculem
469 2458 499 2509 et
518 2464 645 2525 regnum
668 2448 749 2510 canis
771 2446 908 2527 inquieti,

287 2530 405 2597 'tunde
427 2551 488 2595 non
512 2550 673 2612 numquam
695 2533 834 2596 remeavit
856 2532 935 2594 inde.

289 2635 373 2679 sume
396 2636 470 2698 quos
493 2619 587 2680 nubes
608 2618 705 2681 radios
727 2625 900 2698 sequantur,

289 2702 417 2784 pallidus
438 2711 562 2766 maestas
584 2705 738 2784 speculare
760 2713 853 2765 terras

289 2797 319 2849 et
341 2797 431 2871 caput
450 2799 554 2870 turpes
575 2789 700 2851 nebulae
721 2796 886 2869 pererrent.

290 2874 419 2953 quando,
441 2893 496 2954 pro
519 2874 616 2949 Titan,
638 2873 699 2949 ubi,
723 2893 783 2954 quo
805 2873 861 2935 sub
883 2890 936 2934 axe

290 2956 448 3021 Herculem
470 2960 501 3021 in
523 2960 611 3022 terris
632 2959 721 3022 alium
744 2955 898 3039 sequeris?

291 3062 365 3123 quas
386 3063 492 3107 manus
515 3044 595 3107 erbis
616 3045 706 3107 miser
727 3044 885 3117 invocabit,

291 3129 316 3189 si
339 3147 396 3208 qua
419 3129 475 3191 sub
497 3131 594 3194 Lerna
616 3148 774 3192 numerosa
797 3128 888 3209 pestis

292 3224 412 3294 sparget
434 3216 466 3276 in
489 3227 608 3278 centum
630 3214 739 3276 rabiem
761 3215 914 3288 dracones,

292 3300 440 3361 Arcadum
463 3299 488 3360 si
510 3300 577 3380 quis
599 3300 719 3380 populis
741 3299 863 3360 vetustis

292 3384 398 3448 fecerit
418 3384 505 3448 silvas
526 3403 598 3465 aper
619 3385 775 3466 inquietas,

295 3543 360 3593 1565
379 3542 519 3605 natumque
540 3552 582 3587 me
598 3536 623 3587 Ε
646 3541 737 3588 natura
754 3548 794 3586 me
813 3534 838 3584 A
862 3532 972 3583 correct
1048 3530 1113 3582 1566
1132 3541 1219 3594 quam
1235 3528 1284 3594 lup

209 3609 275 3678 piter
290 3611 315 3661 Ε
369 3611 433 3662 1507
452 3605 563 3658 lacrimis
580 3604 643 3657 meis
660 3605 685 3655 A
744 3605 809 3656 1569
826 3597 1008 3719 lunosspeperit
1023 3598 1049 3648 A
1119 3598 1190 3650 1516
1211 3594 1285 3679 pestis

207 3678 312 3731 vicitA
366 3678 429 3730 1517
442 3672 625 3741 omemqueE
697 3671 878 3725 1526111111.
916 3667 1013 3719 ebatE
1065 3666 1139 3718 1523.
1161 3667 1285 3742 152411·

208 3763 283 3798 uerso
302 3744 398 3799 ordino
411 3746 437 3796 A
491 3737 1064 3808 152411111111111111111111111111111
1082 3734 1107 3785 A
1163 3736 1235 3787 1525
1252 3732 1285 3783 dre

209 3814 242 3867 ad
260 3829 283 3868 a.
299 3816 326 3868 A
382 3816 445 3867 1521
465 3828 491 3865 u.
510 3826 561 3863 non
579 3825 700 3876 umquam
718 3824 738 3861 r.
755 3808 824 3860 ullus
841 3807 867 3857 A
872 3824 884 3868 ,·
908 3806 1026 3856 contem.-
1043 3801 1128 3855 denuo
1146 3814 1286 3870 numquam

209 3883 332 3935 remeabit
349 3882 408 3936 inde
464 3884 526 3935 1531
547 3878 591 3931 ubi
608 3893 693 3945 quove
710 3890 808 3930 summe
824 3877 850 3926 A
909 3876 974 3927 1533
993 3869 1124 3923 invocabis
1141 3871 1168 3920 A
1227 3870 1286 3945 ¹⁵34.

209 3951 256 4002 sub
275 3954 339 4003 terra
357 3953 383 4003 A
437 3953 502 4003 1535
520 3951 625 4014 sparget
642 3947 764 3999 intentam
783 3944 878 3996 rabiem
895 3941 1012 3995 boconis
1029 3941 1055 3993 A
1113 3940 1181 3992 1536
1200 3936 1286 4006 popul

211 4019 306 4071 vetusti
323 4020 349 4070 A
366 4017 468 4085 populis
485 4020 602 4068 vetustas
620 4015 645 4068 Ε
662 4016 783 4066 correxit
802 4012 952 4064 Gronovius
1039 4038 1042 4044 -
