2790 4494
180 245 222 308 96
564 262 592 303 u.
615 260 721 304 nouom
742 260 870 303 sennenn

180 414 246 475 sine
267 413 392 474 erimine
414 412 491 473 exul.
536 431 574 473 ne
596 410 668 491 quid
690 431 707 473 e
729 411 796 472 fatis
817 411 871 472 tibi

181 493 441 578 desset'paternis
463 498 522 558 hoo
543 515 664 576 quoque
685 515 721 558 ex
744 495 801 557 illis
824 496 925 572 habes,
969 506 971 512 '

181 602 295 646 errasse
317 583 461 644 thalamis.
505 594 573 644 nate
594 591 664 662 post
684 581 793 643 multos
815 580 888 643 mihi

182 669 305 731 remisse
326 668 416 744 soles,
439 675 507 730 nate
529 686 695 747 suspensae·
712 676 811 728 rnotns

181 764 211 816 et
232 772 302 833 spes
323 753 465 834 parentis,
488 754 574 814 ouius
595 761 749 832 aspectum
775 752 847 813 deos

182 857 301 919 semper
323 838 432 918 rogavi,
455 856 523 900 oum
546 848 616 900 tuus
639 838 751 899 reditus
773 837 845 899 urihi

183 931 298 985 tanturn
321 932 399 986 esset
420 934 588 1003 erepturus,
611 923 737 985 adventu
759 933 810 984 tuo

182 1018 327 1088 quantum
349 1009 487 1070 daturus:
512 1008 641 1087 ‘quando
664 1025 719 1088 pro
742 1015 771 1070 te
793 1006 934 1069 desinam’

182 1094 241 1156 dixi
264 1090 409 1155 ‘timeret'
432 1092 504 1154 dixit
524 1093 658 1154 inridens
680 1094 768 1154 deus:

182 1179 291 1260 ‘ipsum
312 1178 449 1240 timebis!
494 1195 602 1259 nempe
623 1177 681 1240 uisi
704 1177 816 1239 bellum
837 1178 923 1253 foret,

182 1282 237 1343 ego
260 1271 289 1325 te
312 1281 443 1324 carerem
450 1281 459 1338 ;
482 1281 591 1343 nempe
613 1263 638 1324 si
660 1274 693 1326 tu
715 1282 777 1325 non
802 1263 892 1337 foros,

182 1349 259 1410 bello
282 1366 423 1410 carerem.
467 1367 494 1422 a,
515 1348 601 1410 triste
623 1357 801 1427 conspectus
825 1348 909 1409 datur

182 1433 310 1515 pretium
332 1433 376 1496 tui
399 1433 577 1512 durumque,
600 1434 652 1495 sed
674 1433 760 1494 matri
782 1433 887 1513 plaoet.

182 1519 253 1580 hino
274 1519 362 1580 modo
384 1518 526 1581 recedant
547 1535 636 1594 armo,
659 1518 729 1580 dum
752 1517 868 1580 nullum
890 1518 973 1579 nefas

181 1604 260 1666 lllars
282 1622 385 1666 saevus
406 1603 509 1666 audet:
532 1603 590 1665 hoo
612 1621 732 1683 quoque
754 1612 800 1665 est
821 1620 960 1681 magnum
982 1603 1074 1677 nefas,

182 1698 242 1751 taur
265 1708 359 1769 prope
381 1688 483 1750 fuisso.
528 1697 634 1768 stupeo
657 1698 687 1750 et
709 1687 851 1767 exanguis
873 1695 978 1762 tremo,

183 1792 253 1835 oum
274 1782 352 1835 stare
374 1775 479 1835 fratres
500 1773 572 1834 hino
594 1781 623 1834 et
645 1773 716 1834 hino
737 1773 822 1834 rideo
845 1772 921 1835 duos

182 1859 304 1920 sceleris
326 1858 382 1919 sub
404 1858 475 1920 iotu.
519 1859 652 1920 membra
674 1866 852 1937 quassantur
872 1867 970 1922 metu:

182 1962 271 2023 quam
293 1962 389 2024 paene
411 1951 505 2005 mater
525 1944 620 2004 maius
643 1943 742 2023 aspexi
766 1944 859 2019 nefas,

183 2047 270 2108 quam
294 2029 375 2108 quod
395 2028 486 2090 miser
508 2029 606 2090 videre
630 2047 690 2089 non
715 2030 812 2108 potuit
832 2038 926 2108 pater.

182 2113 252 2174 lieet
272 2113 378 2174 timore
400 2113 540 2175 facinoris
563 2114 636 2175 tanti
658 2132 758 2176 vanem

183 2197 355 2278 videamque
377 2199 435 2259 iam
457 2198 590 2275 pilleis,
613 2218 680 2260 suin
702 2200 804 2260 infelix
826 2208 924 2260 nmen

182 2284 263 2363 quod
285 2301 380 2363 paene
401 2284 468 2345 vidi.
512 2302 567 2364 per
589 2284 691 2345 deoenr
712 2301 849 2345 mensum
872 2301 974 2361 graves

183 2368 260 2429 uteri
282 2368 398 2431 labores
420 2387 534 2449 perque
556 2369 694 2448 pietatem
717 2368 835 2430 inolitae

182 2471 291 2535 preoor
312 2455 424 2516 sororis
447 2463 476 2515 et
498 2473 551 2533 per
574 2454 640 2515 irati
663 2453 719 2514 sibi

183 2556 274 2617 genas
295 2540 438 2619 parentis,
461 2538 572 2600 scelere
595 2557 668 2618 quas
690 2537 772 2600 nullo
796 2556 917 2614 nooens‚

183 2623 293 2686 erroris
315 2644 331 2686 a
353 2644 386 2686 se
408 2624 470 2685 dira
494 2623 639 2704 supplicio
665 2624 796 2703 exigens,

182 2709 295 2770 hausit:
319 2709 459 2770 nefandas
481 2709 638 2770 moenibus
660 2710 764 2788 patriis
785 2708 864 2770 foces

182 2804 290 2868 averte,
313 2794 397 2874 signa
419 2794 517 2856 bellioi
539 2802 619 2856 rotro
642 2794 768 2874 agminis

182 2879 332 2941 115515-
355 2889 387 2941 ut
410 2880 540 2957 recedas,
563 2898 668 2958 magna
693 2898 759 2959 pars
782 2878 902 2941 sceleris
925 2889 1022 2941 tamen

178 2965 272 3025 uestri
293 2974 412 3043 peraeta
435 2975 491 3026 est:
515 2965 586 3027 vidit
607 2966 707 3026 hostili
729 2983 819 3043 grege

184 3067 304 3128 campos
325 3050 435 3128 repleri
457 3052 561 3130 patria,
584 3050 732 3129 fulgentes
755 3049 861 3128 proonl

184 3135 273 3194 armis
296 3142 425 3195 catervas
447 3134 527 3211 vidit,
551 3135 683 3214 equitatu
705 3134 761 3196 levi

185 3215 307 3279 Cadmea
330 3219 426 3296 frangi
448 3226 532 3299 prata
554 3230 584 3280 et
605 3221 745 3281 excelsos
760 3219 833 3281 rotis

183 3303 305 3364 volitare
327 3322 478 3384 proceres,
500 3305 570 3383 igne
592 3304 749 3383 flagrantes
771 3305 869 3367 trabes

183 3389 307 3465 fumare,
330 3384 424 3449 oiuori
447 3408 521 3468 quae
543 3397 650 3469 petunt
672 3400 788 3452 nostras
810 3390 924 3465 domos,

184 3474 350 3554 fratresque
371 3473 499 3551 (facinus
522 3474 602 3553 qnod
624 3493 733 3537 novum
757 3484 785 3536 et
807 3474 917 3537 Thebis
938 3473 1006 3550 fuit)

185 3559 216 3620 in
239 3579 272 3621 se
293 3568 432 3621 ruentes:
456 3568 537 3621 totus
559 3561 617 3622 hoo
640 3561 795 3638 exereitus,
1211 3566 1262 3618 551)

270 3797 319 3847 513
337 3795 426 3860 nequit
443 3793 475 3846 de
492 3794 517 3845 ll
586 3797 635 3848 515
655 3798 713 3846 note
731 3811 757 3861 p.
771 3809 805 3845 nr.
817 3809 851 3846 m.
866 3808 886 3845 r.
898 3793 967 3846 soles
984 3809 1036 3846 om.
1047 3791 1072 3843 Ε
1141 3795 1191 3845 old
1209 3790 1261 3843 sol·

184 3858 270 3912 licitae
293 3862 419 3912 metusA
505 3865 555 3915 518
578 3877 666 3929 sorper
683 3863 707 3912 ll
793 3865 844 3915 524
865 3877 977 3914 carerem
997 3862 1071 3914 triste
1089 3860 1115 3911 Α
1148 3874 1262 3912 urerent
1381 3922 1382 3927 ¹

184 3926 265 3990 putris
283 3932 307 3978 te
326 3928 350 3978 u
368 3933 490 3979 conenit
506 3930 528 3980 I.
548 3929 699 3981 Gronovius
768 3932 818 3982 529
836 3935 862 3982 ot
879 3934 1006 3982 omissum
1024 3929 1086 3980 odd.
1105 3930 1120 3980 1
1136 3944 1171 3979 m.
1188 3943 1261 3978 oom-
1381 3932 1382 4015 1

184 3992 281 4054 perodio
299 4009 354 4043 non
371 3996 450 4044 solito
468 3996 493 4045 Ε
562 4000 612 4050 536
631 3998 727 4064 pietate
743 3996 845 4050 inolitas
863 3999 888 4048 A
956 4001 1005 4051 537
1025 4010 1125 4049 sorores
1143 3996 1169 4047 A
