2648 4478
438 301 476 345 ms
497 300 599 346 conice
620 303 757 347 ernvsco.
1093 288 1134 352 37

80 450 98 511 1.
121 449 261 516 Gronovio
289 451 424 514 videlicet
450 459 587 523 auctore,
617 455 830 533 praetenderim
861 463 890 516 et
917 453 983 516 iure
1006 454 1134 534 quidem.

81 534 108 596 ci.
127 536 194 616 thy.
220 541 312 609 1946,
335 537 386 598 ubi
407 537 434 598 E
453 549 480 599 et
501 543 613 619 precem
632 540 746 618 stipem,
768 538 801 600 A.
825 559 848 603 e.
867 557 893 618 q.
908 543 996 602 oium.

18 678 22 709 ι
148 621 274 702 denique
301 623 401 685 omisit
422 621 545 684 Peterus
574 624 654 701 quod
683 624 715 684 in
743 625 803 686 fine
824 623 943 686 Medeae
973 633 1040 704 post
1064 626 1136 687 sub·

17 730 18 747 ¹
79 706 253 785 scriptionem
283 715 374 769 extat:
405 706 506 769 LEGE
527 736 533 750 ·
554 707 785 770 subuersum·
806 709 1017 772 FELICITER.
1060 710 1136 772 addo

79 791 142 869 puod
162 791 268 855 Phaed.
292 793 355 856 330
376 792 502 869 margini
524 792 582 854 boc
603 793 722 871 signum
744 793 894 871 adpictum
917 802 975 856 est:
1000 795 1085 882 ΨΒ).

93 874 190 938 Pbeed.
207 881 268 941 440
472 876 617 939 turbidam
637 879 765 956 frontem
785 888 884 957 perere

292 973 317 1023 et
338 972 447 1023 moesto
466 960 574 1024 cadus.

78 1046 144 1123 quod
165 1055 240 1111 stare
263 1046 383 1126 quidem
405 1054 518 1125 potest;
541 1047 594 1108 sed
615 1046 771 1110 Euromo
791 1047 883 1109 uoltu.

150 1150 175 1192 r.
191 1134 251 1196 816
273 1131 325 1192 ubi
344 1131 374 1192 in
390 1131 543 1194 codicibus
559 1132 682 1211 reliquis
696 1150 764 1193 cum
778 1150 882 1193 versus
897 1132 1013 1194 defectu
1028 1133 1137 1212 legitur

76 1212 122 1276 beu
137 1235 188 1296 per
207 1221 252 1279 tui
271 1228 413 1295 sceptrum
434 1220 554 1296 imperi,
582 1217 613 1278 in
634 1216 762 1279 Etrusco
784 1218 815 1279 id
836 1218 934 1296 ipsum
957 1225 1035 1279 extet
1055 1219 1137 1297 quod

77 1299 178 1376 pridem
198 1302 343 1363 editiones
365 1300 493 1362 obtinuit
514 1301 609 1363 donec
627 1301 752 1363 Bothius
774 1301 899 1382 repetito
921 1301 977 1365 bec
998 1305 1135 1365 mutavit:

15 1416 17 1431 ι
78 1382 135 1446 obeo
155 1405 258 1467 nempe
281 1386 321 1446 ita
335 1386 495 1466 scriptum:
520 1385 729 1448 Perseum
747 1386 811 1460 beu,
830 1395 864 1449 ut
880 1388 965 1449 facile
981 1389 1136 1468 praeteriri
1225 1457 1228 1461 ¹

15 1500 16 1505 κ
78 1480 174 1546 posset.
215 1471 268 1532 sed
291 1472 327 1532 de
348 1471 404 1533 bec
425 1489 497 1543 voce
516 1471 593 1534 infre
615 1471 711 1534 iusius
736 1490 867 1553 egemus.

15 1572 16 1595 ¹
78 1639 94 1716 f
151 1575 173 1618 v.
192 1558 272 1622 1039
294 1556 400 1635 liunus
418 1557 575 1634 refunderes
597 1575 646 1619 ore
664 1558 795 1637 physeter
817 1574 926 1636 sopor:
947 1556 1068 1633 fluctum
1089 1574 1137 1617 re·
1170 1586 1172 1591 ·

89 1642 186 1704 audens
205 1642 239 1702 Β.

15 1774 16 1777 ,
115 1724 177 1788 ced.
200 1729 240 1791 95
264 1727 308 1787 sic
330 1725 361 1787 in
383 1726 408 1786 Α
429 1725 552 1803 legiturt

289 1828 408 1892 cumque
429 1828 444 1871 e
464 1810 587 1891 superba
608 1828 680 1890 rupe
702 1815 763 1872 iem
781 1810 906 1891 proedce
927 1814 1080 1872 immineres

290 1906 403 1976 opturet
423 1895 481 1957 eles
501 1896 621 1958 vordero
641 1907 668 1957 et
689 1897 812 1959 caudore
833 1913 950 1957 moveres

292 1986 374 2043 coeci
393 1981 481 2042 leonis
501 1999 581 2042 more
595 1992 754 2044 concuteret
774 1982 847 2059 (sire
861 1981 1028 2061 recuperet)
1042 1984 1137 2043 minos

15 2134 16 2139 η
82 2079 144 2141 quae
166 2066 217 2126 viri
245 2066 325 2127 docti
355 2066 462 2145 partim
490 2065 701 2128 emendarunt:
734 2067 774 2129 95
803 2084 928 2146 superno
956 2085 972 2127 e
1000 2065 1135 2127 Melisseo

81 2145 191 2229 Lipsius,
212 2151 293 2231 quod
316 2150 459 2212 Etruscus
482 2153 644 2214 confirmat.
684 2152 725 2215 96
747 2151 810 2213 olus
834 2151 948 2214 perdere
969 2160 995 2211 et
1016 2151 1136 2212 modom

81 2250 179 2298 msceres
192 2236 323 2315 Scaliger
337 2236 471 2316 scripsit;
492 2245 522 2297 et
538 2236 601 2299 cles
615 2237 734 2317 quidem
749 2235 780 2297 in
797 2236 922 2299 Etrusco
940 2235 1058 2314 legitur,
1074 2253 1136 2296 non

81 2317 129 2381 obs
147 2322 221 2400 quod
243 2321 403 2383 Richterus
422 2330 563 2394 testetur,
590 2321 691 2401 inepta
711 2322 776 2401 ipse
797 2321 927 2384 molitus.
972 2322 1030 2382 iem
1051 2320 1136 2381 locus

15 2458 16 2475 ,
82 2404 149 2466 nuile
167 2406 228 2468 labe
250 2406 383 2468 adiectus
406 2423 442 2468 ex
463 2407 590 2469 Etrusco
612 2407 728 2488 prodit:

291 2508 412 2573 compre
431 2509 446 2553 e
465 2510 593 2572 superos
613 2511 685 2572 repe
706 2496 764 2554 iom
783 2492 907 2572 praedor
929 2495 1081 2553 immineres

290 2587 404 2656 optaret
424 2576 487 2639 ulos
506 2577 625 2640 cerdera
645 2590 673 2640 et
693 2578 798 2639 coucioe
818 2594 933 2638 croceos

291 2666 372 2723 sosoi
392 2661 480 2724 leonis
499 2680 581 2725 crore
600 2666 757 2743 recuperet
777 2666 881 2731 mmm,

293 2765 409 2808 scrutere
425 2751 553 2826 poposci,

15 2860 16 2867 1
84 2829 184 2892 rubero
209 2832 325 2893 modos*
342 2831 515 2894 soiemniter
535 2829 678 2908 coniungi
700 2829 746 2891 vel
767 2829 863 2890 Davus
885 2827 997 2889 Horatii
1021 2824 1138 2887 docebit

83 2913 168 2987 (serm.
187 2916 224 2993 11,
246 2921 278 2992 7,
300 2917 363 2991 49),
387 2918 426 2978 οῖς
446 2917 559 2979 Lucan.
581 2916 604 2991 1,
626 2915 689 2979 208

15 3028 16 3031 ¹
292 3019 364 3063 mou
384 3001 436 3064 cor
455 3021 484 3063 se
504 3020 604 3064 suesce
624 2998 784 3061 stimulavit
804 2997 919 3059 uerbere
940 2997 1055 3057 caudae.

15 3152 16 3155 Ἴ
84 3080 144 3142 Stat
162 3083 250 3146 Theb.
272 3085 306 3161 V,
331 3087 392 3150 538
420 3088 568 3149 destrictus
595 3085 709 3146 uerbere
737 3083 858 3152 medus,
887 3089 917 3142 et
944 3099 1060 3143 versum
1086 3081 1138 3160 qui

15 3200 16 3205 κ
86 3164 196 3231 Senecae
216 3170 281 3231 loco
305 3170 472 3232 simillimus
494 3179 538 3232 est
560 3170 627 3247 Siiii
645 3168 723 3244 Xlll,
745 3169 807 3231 330
829 3167 865 3229 de
887 3165 979 3229 Pane:

293 3256 412 3318 cerbero
433 3257 506 3318 loeta
528 3275 644 3318 movens
663 3255 738 3333 fectu
756 3272 811 3334 per
831 3257 954 3333 compito
975 3253 1077 3323 coede,-

87 3336 128 3413 qui
145 3357 240 3402 versus
261 3340 388 3402 multum
409 3341 583 3403 sollicitatus
605 3340 706 3402 nescio
722 3358 759 3400 au
774 3339 948 3400 emendetur
962 3336 1139 3399 scribendos

291 3425 411 3488 uerbera
422 3425 498 3488 lueto
508 3444 625 3488 mouens
632 3426 722 3504 festae
728 3442 783 3503 per
792 3427 914 3503 compito
923 3423 1086 3495 moreest)

84 3536 267 3553 κ-

85 3687 91 3699 ·
156 3624 185 3687 ¹³)
200 3625 259 3678 vide
275 3625 312 3677 de
327 3625 377 3677 hoo
393 3626 469 3692 signo
486 3625 512 3676 in
530 3625 594 3679 Mus.
613 3625 694 3677 Rheu.
712 3624 832 3689 t.xx1V‚
849 3640 875 3690 p.
886 3625 934 3677 391
953 3621 1060 3674 Useneri
1078 3636 1140 3673 eon-

85 3693 197 3757 tcctumm,
213 3695 256 3761 qui
274 3709 317 3746 me
332 3695 447 3746 conterre
464 3694 539 3746 iussit
551 3693 682 3760 Hagenum
700 3693 727 3745 in
744 3692 867 3746 Fleckeis.
885 3706 943 3743 unu.
959 3692 1033 3755 1869,
1051 3705 1076 3756 p.
1088 3692 1137 3743 136

86 3761 204 3812 etcertum
222 3761 253 3813 de
270 3763 321 3814 boc
338 3777 386 3814 usu
405 3762 579 3814 testimouium
597 3761 694 3813 codicis
716 3760 743 3814 S.
761 3759 895 3821 (bullensis,
917 3758 944 3810 in
962 3756 1140 3825 Situungsber.

85 3822 120 3876 du
133 3826 228 3882 Wiener
245 3829 328 3882 Abcd.
349 3831 414 3883 1813
432 3834 452 3882 1.
469 3832 511 3892 14,
529 3844 554 3895 p.
573 3832 631 3883 216.

156 3896 183 3959 ¹⁴)
200 3897 280 3951 Silius
289 3902 422 3966 poetarum
436 3898 570 3965 possimus,
584 3913 641 3950 cum
652 3911 704 3964 quo
717 3900 877 3963 comparatus
890 3909 998 3960 mugnus
1009 3897 1082 3946 vetes
1094 3891 1140 3946 Se·
1260 3924 1263 3931 =·

85 3972 134 4011 utut
143 3970 187 4028 est,
200 3973 300 4033 praeter
309 3966 450 4032 Vergilium
459 3965 569 4018 Statium
579 3980 682 4032 quoque
691 3964 800 4044 subinde
811 3963 959 4043 compilarit
970 3963 1012 4028 (cf.
1021 3963 1141 4079 interere.

86 4026 111 4080 td
119 4028 174 4096 1111,
183 4037 231 4087 518
240 4050 279 4102 sq.
289 4040 316 4088 et
326 4037 377 4088 146
388 4036 440 4101 sq.)
448 4039 475 4086 et
485 4033 614 4087 Lucanum
629 4034 720 4088 saltem
733 4033 822 4085 ultimo
833 4047 953 4085 carminis
966 4046 1042 4083 versu
1054 4030 1086 4094 (11
1102 4027 1140 4093 tt,
