2790 4494
609 187 783 233 PHOENISSAE

123 383 127 389 -
159 348 190 404 et
210 341 269 402 hoe
290 337 383 418 magis
406 346 443 414 te,
466 338 594 417 genitor,
618 339 765 402 insontem
789 358 870 419 voco,

160 425 239 506 quod
262 424 408 486 innocens
430 442 463 485 es
485 422 530 485 dis
553 442 672 504 quoque
695 426 803 488 invitis.
848 426 919 506 quid
942 437 988 491 est

159 511 240 591 quod
261 518 291 575 te
313 509 450 585 effecerit,
473 509 553 589 quod
577 527 669 571 novos
691 511 836 573 suffixerit

158 594 294 658 stimulos
317 590 435 656 dolori‘f
458 594 528 674 quid
550 604 580 657 te
603 595 634 657 in
658 595 788 659 infernus
811 597 872 676 agit

54 750 60 757 ,
158 681 259 756 sedes,
283 679 355 760 quid
378 697 414 740 ex
436 678 481 740 his
503 677 610 758 peilit‘f
653 690 686 742 ut
708 699 808 743 cereas
831 680 900 745 die?

159 783 255 840 cores3
278 772 312 826 ut
333 763 398 826 ultis
421 763 551 826 nobilem
573 765 668 827 muris
691 766 812 829 domum

158 852 342 932 patriamque
365 845 483 928 fugias?
504 850 599 931 patrio
621 850 674 914 tibi
696 851 760 912 vivo
785 852 878 931 perit3

159 943 243 998 notos
265 934 344 1013 fugis
366 932 571 1014 matremque?
593 934 630 997 ob
653 945 774 1015 aspectu
798 937 933 998 omnium

158 1022 329 1083 fortunate
353 1019 519 1094 summovit,
543 1028 573 1082 et
594 1020 738 1099 quidquid
761 1030 859 1101 potest

158 1108 275 1169 auferre
298 1105 435 1185 cuiquem
458 1123 549 1181 mors,
572 1104 626 1167 tihi
647 1105 706 1166 hoc
727 1105 783 1168 vitu
806 1106 942 1184 abstulit3

157 1191 243 1271 regni
265 1186 433 1252 tumultus?
456 1189 542 1251 turha
564 1191 700 1252 fortunae
722 1190 806 1270 prior

157 1274 300 1339 abscessit
321 1294 337 1336 a
359 1283 389 1336 tc
410 1275 490 1336 iussa
512 1307 554 1320 --
576 1293 675 1355 quern,
699 1276 826 1355 genitor,
848 1272 951 1355 fugis?

158 1379 254 1424 onnru.
299 1360 346 1421 Me
369 1360 461 1438 fugio,
483 1360 566 1438 fugio
588 1360 743 1422 conscium
765 1361 912 1424 scelerum
934 1363 1068 1425 omniurn

157 1457 273 1529 pectus,
295 1463 477 1524 manumque
498 1445 576 1505 hunc
597 1445 680 1524 fugio
703 1455 733 1506 et
754 1446 812 1507 hoc
833 1447 948 1509 caelum
970 1457 1000 1510 et
1021 1449 1101 1512 deos.

158 1550 212 1611 ego
235 1531 292 1592 hoc
314 1530 421 1604 sotum,
443 1529 584 1608 frugifera
606 1548 666 1609 quo
688 1530 785 1609 surgit
807 1530 904 1606 Ceres,

158 1612 284 1699 premo?
307 1617 359 1677 hus
382 1632 437 1693 ego
459 1633 546 1677 ouras
568 1633 620 1676 ore
641 1615 783 1695 pestifero
805 1613 912 1677 traho?

126 1720 213 1820 ego
236 1701 329 1762 laticis
352 1701 459 1762 haustu
481 1700 573 1761 satior
594 1708 645 1762 aut
666 1700 728 1761 uilo
750 1701 836 1763 fruor

126 1773 250 1851 ‘almae
272 1785 403 1865 parentis
425 1781 572 1850 munere?
594 1803 650 1864 ego
674 1792 781 1847 castum
804 1804 925 1848 manum

158 1871 303 1947 nefandus
325 1870 505 1931 incestificus
528 1869 715 1931 exsecrabilis

158 1952 303 2019 attrectof
326 1973 381 2034 ego
404 1953 481 2016 ullos
503 1973 574 2016 aure
597 1955 734 2034 concipio
756 1973 857 2031 sonos,
880 2018 884 2025 ,

157 2062 211 2123 per
233 2059 309 2120 quos
330 2039 461 2119 parentis
484 2058 593 2101 nomen
616 2049 667 2101 aut
688 2040 749 2101 noti
771 2039 910 2104 audiam?

157 2129 269 2190 utinam
293 2125 410 2206 quidem
434 2125 602 2187 rescindere
624 2126 677 2187 hus
700 2126 815 2205 quirem
837 2125 897 2188 vius

157 2210 353 2290 manibusque
375 2209 484 2271 adactis
505 2228 594 2272 omne
617 2229 674 2289 qua
696 2229 783 2279 voces
805 2219 904 2274 meant

157 2298 313 2376 aditusque
335 2295 432 2357 verbis
453 2295 570 2356 tramite
592 2303 719 2374 angusto
744 2304 824 2375 potet

157 2399 262 2446 cruere
285 2398 419 2461 possem:
443 2387 520 2456 neu,
543 2379 600 2440 iam
622 2398 743 2442 sensum
768 2381 822 2456 tui,

158 2486 232 2548 quae
254 2484 323 2546 pars
345 2483 480 2526 meorum
502 2484 534 2526 es
556 2465 725 2542 criminum,
747 2465 851 2528 infelix
873 2471 957 2546 puter

155 2552 307 2632 fugissem.
352 2550 486 2612 inhaeret
507 2568 542 2611 ac
564 2550 746 2613 recrudescit
768 2550 851 2613 nefus

157 2636 292 2712 subinde,
316 2642 346 2697 et
366 2654 454 2698 aures
476 2635 619 2713 ingerunt
640 2635 784 2714 quidquid
808 2636 880 2697 mihi

156 2721 296 2795 donastis,
320 2720 407 2782 oculi.
452 2738 506 2781 cur
529 2729 618 2799 caput
639 2720 770 2782 tenebris
794 2739 881 2800 grave

157 2826 218 2869 non
240 2806 324 2867 mitto
347 2806 383 2867 ad
406 2804 524 2866 umbros
546 2804 620 2866 uitis
642 2802 798 2867 aeternas?
821 2806 893 2885 quid
914 2805 964 2868 hic

155 2910 258 2954 manes
280 2906 361 2952 meos
384 2886 541 2952 destineo?
563 2889 634 2969 quid
656 2897 766 2953 terram
791 2907 879 2969 gravo

155 2978 324 3055 mixtusque
345 2975 463 3055 superis
484 2972 575 3036 erro?
620 2975 691 3055 quid
712 2983 804 3037 restat
825 2972 916 3038 muli?

157 3079 281 3141 regnum
304 3069 443 3141 parentes
465 3058 562 3135 liberi,
587 3060 679 3123 virtus
702 3078 822 3140 quoque

157 3156 186 3209 et
208 3146 309 3225 ingeni
332 3145 461 3207 sollertis
483 3145 622 3209 eximium
645 3145 736 3207 decus

155 3232 281 3313 periere,
305 3241 411 3293 cuncto
434 3249 499 3293 sors
521 3229 593 3291 mihi
615 3230 722 3293 infesta
747 3229 880 3292 abstulit:

155 3418 182 3467 et
198 3415 252 3467 diro
270 3413 341 3482 fugio
359 3412 456 3466 scelera
473 3427 539 3480 quoe
557 3412 605 3465 feci
623 3412 746 3466 innocens
1181 3421 1229 3465 21⁸

240 3585 315 3637 205
308 3583 398 3636 invisis
415 3584 441 3633 A
509 3585 559 3636 206
582 3598 608 3650 q
626 3598 677 3635 uon
695 3598 743 3635 vos
761 3581 818 3635 suff.
836 3581 862 3633 Ε
924 3584 972 3633 tot
992 3581 1029 3650 iu]
1047 3580 1112 3646 ιιᾶς
1180 3584 1230 3637 213

154 3652 255 3718 Ιιιιεος
324 3654 375 3705 214
392 3656 463 3704 recto
481 3650 608 3702 distrinxit
624 3649 659 3704 Ν.
676 3652 802 3702 Heinsius
819 3650 879 3702 ado.
895 3666 922 3715 p.
937 3650 970 3702 51
989 3649 1079 3716 (uulgo
1098 3649 1230 3717 tumultus,

155 3721 300 3782 turba)-
317 3718 462 3772 fortunoff
531 3721 581 3771 215
604 3733 620 3771 a
641 3719 678 3785 te]
702 3719 810 3770 uuteA
837 3717 991 3782 -rusug
1060 3720 1109 3771 218
1134 3719 1232 3771 defecit

155 3790 188 3841 do
206 3789 451 3843 Wdomouttz.—
468 3786 518 3840 feci
536 3789 669 3840 nocensA
738 3788 787 3839 226
805 3785 902 3866 quirem
920 3785 1027 3838 mesols*
1094 3788 1143 3839 229
1161 3787 1231 3840 tacui

155 3859 215 3910 1m.
231 3857 268 3909 tui
285 3856 346 3910 2m.
356 3855 381 3906 Ε
433 3857 483 3909 230
502 3855 634 3908 criminum
653 3869 680 3907 es
694 3854 719 3905 A
748 3858 785 3906 est
804 3852 973 3906 criminum&
991 3855 1231 3923 corrouttdipst'ur

155 3928 204 3979 233
223 3924 338 3992 negastis
356 3923 423 3976 oculi
441 3920 512 3975 A
535 3925 586 3977 234
602 3923 698 3976 aeterni
715 3921 741 3974 Ε
851 3976 855 3982 ,
