2686 4482
188 219 247 281 144
537 235 574 278 nn
596 233 775 277 0000000000
796 235 911 279 000000.

185 386 347 451 tetrametri
370 385 503 465 dactylici
525 384 726 464 septendecim
748 386 924 448 4004401000
946 386 1046 467 000444,
1070 388 1121 465 004
1141 405 1264 448 omnem
1339 456 1340 461 ἵ

186 472 370 535 subtiliorem
393 470 615 550 dispositionem
639 470 830 549 pertinaciter
852 480 982 535 renuunt
1006 480 1037 533 04
1052 481 1264 552 aspernantur.
1339 468 1340 471 ’

187 557 295 620 etenim
318 556 415 617 hiatus
437 555 594 617 intercedit
615 555 695 617 inter
716 558 776 618 451
802 564 831 617 04
853 559 933 631 452,
957 559 1019 620 456
1042 567 1071 619 04
1093 560 1173 631 457;
1203 557 1266 636 syl-

185 643 251 704 laba
273 641 422 721 positione
443 641 468 701 ei
490 640 526 701 ad
548 648 721 718 sequentem
745 659 861 702 versum
882 641 1029 721 adligatur
1049 643 1137 720 langa
1156 641 1266 703 linitur
1339 690 1340 697 ,

186 745 290 789 000000
316 727 388 789 453.
421 728 491 787 454.
523 728 594 788 455.
625 727 697 789 466.
727 727 799 789 464.
850 726 948 806 itaque
980 727 1037 787 hos
1067 745 1169 789 versus
1200 746 1266 789 non
1339 778 1340 781 ¹

188 809 420 889 circumscripsit
443 809 574 889 periodis
596 827 652 871 nee
665 810 796 871 omnino
819 811 911 890 magio
934 811 1000 873 illos
1015 812 1092 874 40400
1108 831 1140 873 00
1155 811 1266 873 cohae-
1339 836 1340 877 1

188 915 254 961 rere
273 894 365 957 uoluit
384 913 471 973 quam
487 894 647 974 sapphioos
663 894 833 974 similesque
847 892 930 958 κατὰ
946 898 1056 975 στίχου
1072 895 1265 976 compositos.
1339 972 1340 975 Ἴ

188 989 300 1044 0004004
327 979 487 1047 hexametri
519 980 605 1041 variis
627 979 729 1040 metris
751 981 790 1041 ita
812 981 981 1060 interpositi
1003 991 1036 1042 04
1058 1000 1083 1041 0.
1106 983 1168 1044 403
1192 981 1267 1056 400,

188 1068 251 1131 426
273 1076 350 1139 tras,
378 1067 442 1127 445
472 1073 626 1143 00044000,
657 1066 719 1128 466
748 1083 800 1126 sex
826 1078 930 1127 versus
952 1074 981 1127 et
1003 1066 1125 1127 totidem
1148 1084 1174 1125 0.
1200 1068 1267 1129 563

189 1171 254 1215 sese
276 1149 432 1230 excipiant.
477 1149 534 1210 hec
556 1149 582 1210 04
596 1149 753 1211 artificiose
768 1149 938 1212 institutum
953 1168 1018 1212 ease
1031 1150 1193 1225 eredimus,
1217 1151 1269 1211 in·

190 1244 258 1317 epte
279 1235 350 1296 lusit
372 1235 403 1294 in
425 1234 636 1314 progrediente
656 1252 795 1295 versuum
818 1253 944 1296 numero
963 1243 994 1296 et
1022 1235 1152 1315 ineptius
1175 1235 1269 1297 etiarn

189 1321 215 1383 si
236 1316 376 1381 Richtero
398 1318 546 1381 credimus
568 1337 593 1380 0.
618 1320 680 1382 466
702 1318 734 1380 40
756 1318 815 1380 400
837 1316 964 1383 10004010
985 1320 1135 1382 dirimenti
1154 1355 1197 1365 -
1213 1319 1267 1382 sed
1339 1334 1340 1349 ³

191 1424 252 1468 000
274 1404 432 1466 credimus.
468 1422 576 1484 nempe
598 1403 692 1466 evinci
712 1411 809 1483 potest
824 1404 952 1484 primum
968 1404 1071 1467 saltem
1086 1405 1186 1467 locum
1203 1423 1269 1466 non
1311 1426 1315 1429 ⁴

190 1498 270 1552 00040
291 1489 430 1551 traditum
452 1507 527 1550 esse.
565 1498 652 1567 04000
674 1506 761 1550 nemo
784 1489 903 1568 quidem
924 1490 1023 1552 extitit
1043 1491 1096 1569 004
1118 1491 1191 1552 haee
1214 1509 1269 1551 ex·

190 1575 313 1655 plicaret
333 1576 371 1651 (0.
396 1574 486 1648 luat:
1136 1623 1139 1627 ,
1339 1644 1340 1659 ¹

394 1660 516 1741 effusam
537 1659 667 1721 redimita
689 1676 798 1721 comam
819 1667 940 1729 aptante
961 1659 1102 1738 00000040,
1228 1722 1234 1735 ,

394 1743 493 1805 mollia
516 1742 636 1822 Nysaeis
657 1755 787 1806 00040400
808 1741 939 1807 bracchia
961 1743 1074 1822 thyrrei,

396 1826 522 1890 laridum
543 1827 614 1889 caeli
634 1829 715 1890 40000
736 1826 790 1889 leae
810 1828 875 1888 0400
896 1832 971 1890 aeae
992 1847 1017 1889 0.
1031 1846 1060 1906 0.
1076 1847 1099 1889 0.
1339 1884 1340 1911 .

191 1914 235 1977 040
258 1911 370 1974 seilicet
390 1911 430 1984 Ε,
452 1923 562 1975 armate
583 1912 615 1987 (i.
638 1931 664 1973 e.
686 1920 737 1989 aut
765 1923 875 1974 arenae
903 1921 954 1974 004
981 1915 1124 1990 armatae)
1146 1911 1186 1985 l,
1220 1913 1271 1974 alii

191 2002 307 2060 armati.
344 1997 460 2076 priores
483 1997 527 2058 004
550 1999 611 2060 463
634 1997 670 2057 04
692 1996 849 2071 Bacchum,
875 1999 940 2060 464
962 1998 998 2059 04
1019 1997 1150 2059 Bacchas
1170 2005 1272 2059 rettu-
1339 2032 1340 2081 l

140 2152 143 2157 ,
190 2083 292 2148 lerunt
314 2084 466 2158 (armatae)
484 2091 514 2142 et
528 2082 559 2142 in
576 2081 787 2143 exclamatione
801 2090 870 2161 0004
884 2082 988 2161 capros
1005 2083 1271 2161 interpunxerunt,
1339 2144 1340 2171 p

192 2168 222 2229 id
244 2166 324 2246 0004
346 2166 505 2229 Richterus
527 2165 679 2245 amplexus
701 2175 760 2240 est3
790 2166 850 2242 001,
873 2168 953 2247 0004
976 2168 1143 2230 Gronovius
1164 2167 1272 2242 001044,

194 2261 225 2315 04
244 2253 375 2313 redimite
390 2260 420 2311 et
433 2261 564 2319 00000400
578 2251 614 2312 04
629 2252 695 2313 adas
710 2247 875 2328 trahebant,
897 2260 939 2329 ut,
962 2254 1042 2336 0004
1056 2252 1127 2313 ferri
1143 2253 1271 2315 omnino
1339 2318 1340 2323 η

192 2337 307 2415 000044,
329 2337 406 2398 idern
429 2336 501 2397 deus
521 2345 551 2397 et
569 2336 673 2415 004040
688 2344 718 2398 04
732 2335 829 2416 prima
846 2355 914 2399 casu
931 2336 1173 2416 compellaretur:
1200 2355 1272 2398 oum
1339 2338 1340 2415 ᾗ

192 2421 264 2483 terri
287 2438 357 2482 sane
379 2421 492 2495 debeat,
514 2420 585 2483 licet
602 2423 674 2482 dura
690 2422 737 2495 044,
762 2422 907 2484 sententia
922 2422 1001 2483 inter
1015 2422 1110 2483 varios
1125 2440 1273 2484 numeros
1339 2442 1340 2497 3

194 2505 335 2580 dissecta;
360 2506 404 2566 vel
426 2506 555 2585 4004000
570 2525 595 2565 0.
612 2509 674 2570 464
697 2517 726 2568 04
743 2509 806 2570 465
820 2507 1013 2568 1000040400
1028 2525 1060 2566 00
1074 2514 1191 2568 mutare
1208 2509 1274 2569 ius·
1339 2502 1340 2575 i

194 2599 308 2666 serunt,
324 2591 428 2670 00040
444 2609 476 2652 re
491 2591 645 2653 manifeste
660 2590 786 2653 absurda
801 2609 862 2653 non
875 2599 920 2652 est
931 2592 1115 2653 morandum.
1143 2590 1273 2654 Muelle·
1339 2594 1340 2637 ἵ

194 2695 246 2738 000
262 2674 332 2754 0044
349 2674 405 2737 sibi
420 2675 488 2739 00144
503 2682 539 2749 (0.
553 2695 591 2737 m.
603 2695 634 2757 p.
650 2678 722 2752 423)
738 2683 847 2755 00040.
862 2678 924 2739 463
939 2675 1067 2738 60014400
1081 2675 1273 2754 distinguens
1339 2700 1340 2761 0

195 2770 224 2824 04
245 2781 271 2820 0.
294 2763 356 2825 464
385 2761 421 2821 04
451 2763 513 2824 465
535 2762 656 2823 trahens
677 2761 742 2838 ipse
765 2758 875 2822 scierit.
918 2780 1012 2822 unum
1034 2779 1119 2837 0000,
1148 2762 1273 2843 00040
1339 2798 1340 2857 0

196 2845 383 2926 grammatica
412 2846 483 2907 ferri
511 2846 620 2924 possit,
651 2843 680 2904 id
709 2843 823 2905 seilicet
850 2847 930 2923 0004
957 2845 1114 2907 Richterus
1142 2847 1272 2927 recepit,
1339 2866 1340 2935 l

195 2931 283 3011 01000
306 2930 420 2992 nullum
443 2949 564 2998 sensum
587 2929 686 2990 elficit.
706 2929 794 3013 0044
817 2947 919 2990 veram
936 2929 974 2990 044
989 2930 1105 2991 Etrusci
1120 2931 1273 3011 scriptura

195 3015 305 3077 indicat
326 3015 444 3089 saltem3
468 3033 543 3093 0000
566 3015 726 3077 vocativum
749 3013 781 3075 in
804 3014 913 3093 priore,
936 3014 1147 3077 nominativum
1166 3035 1273 3078 casum
1339 3068 1340 3079 .

196 3100 227 3163 40
257 3101 348 3162 014000
377 3116 462 3161 00000
492 3101 625 3161 reterens
654 3098 765 3178 aliquid
794 3098 872 3161 inter
900 3107 1060 3178 utrumque
1084 3100 1274 3165 intercidisse
1339 3164 1340 3175 a

196 3194 297 3262 aperte
319 3185 414 3245 40004.
452 3184 531 3262 0004
555 3201 622 3245 cum
645 3184 824 3246 intellexeris
846 3183 925 3244 ultro
947 3185 1058 3246 senties
1071 3184 1169 3247 mallia
1186 3187 1275 3249 brar-
1339 3204 1340 3263 l

196 3268 259 3331 chia
281 3278 310 3330 04
334 3268 458 3347 Nysaeos
479 3267 590 3348 4400000
611 3288 672 3331 000
694 3276 775 3330 00040
796 3269 832 3331 04
855 3287 948 3331 unum
971 3269 1274 3333 Bacchum-attinere

197 3355 265 3430 004,
294 3353 374 3433 0004
395 3353 524 3415 00004000
546 3363 575 3415 04
597 3352 840 3433 interpolatorem
861 3353 1005 3431 vidimus,
1033 3355 1069 3416 ad
1095 3356 1274 3418 maenodum
1339 3380 1340 3401 ³

196 3440 313 3502 turbam
343 3439 389 3500 dei
417 3438 602 3517 0044000000.
647 3456 770 3523 quarum
793 3439 905 3501 mentio
926 3440 1078 3521 0004463
1100 3439 1210 3502 amissa
1232 3440 1276 3502 sio
1339 3454 1340 3501 4

197 3524 259 3586 lere
280 3524 371 3586 unius
393 3541 494 3584 versus
517 3522 627 3585 ambitu
651 3523 748 3584 ellerri
770 3523 881 3603 potuit:
1339 3540 1340 3555 ¹

401 3609 523 3690 offusam
544 3610 673 3671 redimite
694 3626 803 3670 comam
823 3618 944 3671 nutante
964 3609 1093 3689 corymbo

402 3688 471 3777 [400
492 3695 571 3766 oder,
597 3693 651 3755 400
671 3696 807 3755 comitum
827 3692 899 3755 laeto
922 3712 986 3755 aum
1007 3698 1133 3756 carmine
1163 3688 1275 3779 coetae]

401 3777 500 3840 mallia
522 3778 641 3859 Nysaeis
662 3788 791 3840 armatas
813 3776 942 3840 bracchia
963 3778 1076 3858 4400040.

199 3861 266 3923 4040
290 3880 366 3923 0000
388 3863 516 3942 impetu:

260 4018 264 4029 1
338 3991 340 3994 a
381 3946 528 4010 ’10044000
550 3947 621 4010 caeli
641 3949 722 4010 decue
744 3947 797 4010 hac
818 3950 886 4010 adas
908 3969 934 4010 0.
950 3967 979 4027 0.
995 3967 1018 4008 0.
