<?xml version="1.0" encoding="UTF-8"?>
<!DOCTYPE html PUBLIC "-//W3C//DTD XHTML 1.0 Transitional//EN"
    "http://www.w3.org/TR/xhtml1/DTD/xhtml1-transitional.dtd">
<html xmlns="http://www.w3.org/1999/xhtml" xml:lang="en" lang="en">
 <head>
  <title>
</title>
<meta http-equiv="Content-Type" content="text/html;charset=utf-8" />
  <meta name='ocr-system' content='tesseract 3.04.00' />
  <meta name='ocr-capabilities' content='ocr_page ocr_carea ocr_par ocr_line ocrx_word'/>
</head>
<body>
  <div class='ocr_page' id='page_1' title='image "./lannaeisenecaet00leogoog_0044.png"; bbox 0 0 2648 4478; ppageno 0'>
   <div class='ocr_carea' id='block_1_1' title="bbox 466 228 1158 290">
    <p class='ocr_par' dir='ltr' id='par_1_1' title="bbox 466 228 1158 290">
     <span class='ocr_line' id='line_1_1' title="bbox 466 228 1158 290; baseline 0.007 -5"><span class='ocrx_word' id='word_1_1' title='bbox 466 244 504 286; x_wconf 84' lang='lat' dir='ltr'>nn</span> <span class='ocrx_word' id='word_1_2' title='bbox 526 243 629 287; x_wconf 86' lang='lat' dir='ltr'>courcn</span> <span class='ocrx_word' id='word_1_3' title='bbox 650 243 786 287; x_wconf 84' lang='lat' dir='ltr'>aruvsco.</span> <span class='ocrx_word' id='word_1_4' title='bbox 1119 228 1158 290; x_wconf 84' lang='lat'>31</span> 
     </span>
    </p>
   </div>
   <div class='ocr_carea' id='block_1_2' title="bbox 72 393 1229 4039">
    <p class='ocr_par' dir='ltr' id='par_1_2' title="bbox 72 393 1229 4039">
     <span class='ocr_line' id='line_1_2' title="bbox 167 393 1159 474; baseline 0 -18"><span class='ocrx_word' id='word_1_5' title='bbox 167 395 299 474; x_wconf 89' lang='lat' dir='ltr'>danique</span> <span class='ocrx_word' id='word_1_6' title='bbox 320 412 410 474; x_wconf 91' lang='lat' dir='ltr'>quern</span> <span class='ocrx_word' id='word_1_7' title='bbox 432 412 522 474; x_wconf 86' lang='lat' dir='ltr'>supra</span> <span class='ocrx_word' id='word_1_8' title='bbox 544 393 630 455; x_wconf 88' lang='lat' dir='ltr'>omisi</span> <span class='ocrx_word' id='word_1_9' title='bbox 653 394 750 456; x_wconf 89' lang='lat' dir='ltr'>locum</span> <span class='ocrx_word' id='word_1_10' title='bbox 773 394 888 474; x_wconf 81' lang='lat' dir='ltr'>inspice</span> <span class='ocrx_word' id='word_1_11' title='bbox 910 394 962 474; x_wconf 92' lang='lat' dir='ltr'>qui</span> <span class='ocrx_word' id='word_1_12' title='bbox 984 404 1029 458; x_wconf 90' lang='lat' dir='ltr'>est</span> <span class='ocrx_word' id='word_1_13' title='bbox 1046 395 1159 458; x_wconf 88' lang='lat' dir='ltr'>Phoen.</span> 
     </span>
     <span class='ocr_line' id='line_1_3' title="bbox 78 479 725 558; baseline -0.002 -16"><span class='ocrx_word' id='word_1_14' title='bbox 78 483 152 544; x_wconf 83' lang='lat'><strong>550.</strong></span> <span class='ocrx_word' id='word_1_15' title='bbox 199 480 241 541; x_wconf 89' lang='lat' dir='ltr'>ibi</span> <span class='ocrx_word' id='word_1_16' title='bbox 262 488 332 541; x_wconf 84' lang='lat' dir='ltr'>ante</span> <span class='ocrx_word' id='word_1_17' title='bbox 356 479 536 540; x_wconf 89' lang='lat' dir='ltr'>Gronovium</span> <span class='ocrx_word' id='word_1_18' title='bbox 558 479 725 558; x_wconf 84' lang='lat' dir='ltr'>legebatur:</span> 
     </span>
     <span class='ocr_line' id='line_1_4' title="bbox 493 563 803 629; baseline 0.01 -3"><span class='ocrx_word' id='word_1_19' title='bbox 493 574 568 627; x_wconf 81' lang='lat' dir='ltr'>totus</span> <span class='ocrx_word' id='word_1_20' title='bbox 587 563 638 627; x_wconf 83' lang='lat' dir='ltr'>lvoo</span> <span class='ocrx_word' id='word_1_21' title='bbox 662 569 803 629; x_wconf 72' lang='lat' dir='ltr'>unctus</span> 
     </span>
     <span class='ocr_line' id='line_1_5' title="bbox 236 649 986 730; baseline 0.001 -20"><span class='ocrx_word' id='word_1_22' title='bbox 236 660 262 711; x_wconf 83' lang='lat' dir='ltr'>et</span> <span class='ocrx_word' id='word_1_23' title='bbox 279 649 407 730; x_wconf 83' lang='lat' dir='ltr'>populus</span> <span class='ocrx_word' id='word_1_24' title='bbox 428 653 520 712; x_wconf 82' lang='lat' dir='ltr'>omuis</span> <span class='ocrx_word' id='word_1_25' title='bbox 542 661 569 712; x_wconf 82' lang='lat' dir='ltr'>et</span> <span class='ocrx_word' id='word_1_26' title='bbox 589 659 711 729; x_wconf 82' lang='lat' dir='ltr'>utreque</span> <span class='ocrx_word' id='word_1_27' title='bbox 731 649 782 712; x_wconf 80' lang='lat' dir='ltr'>hoo</span> <span class='ocrx_word' id='word_1_28' title='bbox 802 651 874 713; x_wconf 84' lang='lat' dir='ltr'>uidit</span> <span class='ocrx_word' id='word_1_29' title='bbox 894 669 986 713; x_wconf 85' lang='lat' dir='ltr'>soror.</span> 
     </span>
     <span class='ocr_line' id='line_1_6' title="bbox 78 733 1158 815; baseline 0 -20"><span class='ocrx_word' id='word_1_30' title='bbox 78 734 192 795; x_wconf 91' lang='lat' dir='ltr'>malum</span> <span class='ocrx_word' id='word_1_31' title='bbox 213 753 332 796; x_wconf 89' lang='lat' dir='ltr'>versum</span> <span class='ocrx_word' id='word_1_32' title='bbox 355 753 416 795; x_wconf 94' lang='lat' dir='ltr'>non</span> <span class='ocrx_word' id='word_1_33' title='bbox 439 734 580 796; x_wconf 80' lang='lat' dir='ltr'>Senecam</span> <span class='ocrx_word' id='word_1_34' title='bbox 603 735 777 815; x_wconf 83' lang='lat' dir='ltr'>procudisse</span> <span class='ocrx_word' id='word_1_35' title='bbox 793 733 959 797; x_wconf 85' lang='lat' dir='ltr'>Gronovius</span> <span class='ocrx_word' id='word_1_36' title='bbox 975 734 1076 797; x_wconf 87' lang='lat' dir='ltr'>docuit</span> <span class='ocrx_word' id='word_1_37' title='bbox 1090 752 1158 796; x_wconf 88' lang='lat' dir='ltr'>cum</span> 
     </span>
     <span class='ocr_line' id='line_1_7' title="bbox 79 818 662 899; baseline -0.002 -19"><span class='ocrx_word' id='word_1_38' title='bbox 79 819 159 880; x_wconf 91' lang='lat' dir='ltr'>hanc</span> <span class='ocrx_word' id='word_1_39' title='bbox 182 819 299 880; x_wconf 83' lang='lat' dir='ltr'>Etrusci</span> <span class='ocrx_word' id='word_1_40' title='bbox 321 819 498 898; x_wconf 87' lang='lat' dir='ltr'>scripturam</span> <span class='ocrx_word' id='word_1_41' title='bbox 524 818 662 899; x_wconf 86' lang='lat' dir='ltr'>protulit:</span> 
     </span>
     <span class='ocr_line' id='line_1_8' title="bbox 236 903 992 986; baseline -0.001 -22"><span class='ocrx_word' id='word_1_42' title='bbox 236 904 286 965; x_wconf 80' lang='lat' dir='ltr'>loc</span> <span class='ocrx_word' id='word_1_43' title='bbox 305 908 451 985; x_wconf 80' lang='lat' dir='ltr'>utrimque</span> <span class='ocrx_word' id='word_1_44' title='bbox 467 903 593 986; x_wconf 82' lang='lat' dir='ltr'>populus</span> <span class='ocrx_word' id='word_1_45' title='bbox 615 909 716 980; x_wconf 82' lang='lat' dir='ltr'>omnis,</span> <span class='ocrx_word' id='word_1_46' title='bbox 737 904 788 966; x_wconf 83' lang='lat' dir='ltr'>lvoc</span> <span class='ocrx_word' id='word_1_47' title='bbox 809 905 881 967; x_wconf 80' lang='lat' dir='ltr'>vidit</span> <span class='ocrx_word' id='word_1_48' title='bbox 902 921 992 966; x_wconf 85' lang='lat' dir='ltr'>soror.</span> 
     </span>
     <span class='ocr_line' id='line_1_9' title="bbox 79 987 1157 1068; baseline 0.001 -19"><span class='ocrx_word' id='word_1_49' title='bbox 79 989 134 1067; x_wconf 93' lang='lat' dir='ltr'>qui</span> <span class='ocrx_word' id='word_1_50' title='bbox 163 995 261 1050; x_wconf 89' lang='lat' dir='ltr'>tamen</span> <span class='ocrx_word' id='word_1_51' title='bbox 290 1007 352 1049; x_wconf 92' lang='lat' dir='ltr'>non</span> <span class='ocrx_word' id='word_1_52' title='bbox 379 989 485 1051; x_wconf 90' lang='lat' dir='ltr'>melior</span> <span class='ocrx_word' id='word_1_53' title='bbox 511 1007 615 1051; x_wconf 87' lang='lat' dir='ltr'>versus</span> <span class='ocrx_word' id='word_1_54' title='bbox 643 997 697 1050; x_wconf 89' lang='lat' dir='ltr'>est.</span> <span class='ocrx_word' id='word_1_55' title='bbox 740 996 829 1068; x_wconf 87' lang='lat' dir='ltr'>atque</span> <span class='ocrx_word' id='word_1_56' title='bbox 858 988 935 1050; x_wconf 91' lang='lat' dir='ltr'>aliud</span> <span class='ocrx_word' id='word_1_57' title='bbox 967 987 1103 1068; x_wconf 85' lang='lat' dir='ltr'>quiddam</span> <span class='ocrx_word' id='word_1_58' title='bbox 1125 989 1157 1050; x_wconf 92' lang='lat' dir='ltr'>in</span> 
     </span>
     <span class='ocr_line' id='line_1_10' title="bbox 79 1072 1120 1154; baseline -0.002 -20"><span class='ocrx_word' id='word_1_59' title='bbox 79 1072 210 1135; x_wconf 82' lang='lat' dir='ltr'>Etrusco</span> <span class='ocrx_word' id='word_1_60' title='bbox 232 1073 289 1153; x_wconf 82' lang='lat' dir='ltr'>lagi</span> <span class='ocrx_word' id='word_1_61' title='bbox 311 1073 400 1135; x_wconf 89' lang='lat' dir='ltr'>fidem</span> <span class='ocrx_word' id='word_1_62' title='bbox 422 1075 491 1135; x_wconf 86' lang='lat' dir='ltr'>lecit</span> <span class='ocrx_word' id='word_1_63' title='bbox 511 1072 547 1134; x_wconf 92' lang='lat' dir='ltr'>N.</span> <span class='ocrx_word' id='word_1_64' title='bbox 563 1072 704 1135; x_wconf 84' lang='lat' dir='ltr'>Heinsius</span> <span class='ocrx_word' id='word_1_65' title='bbox 724 1073 808 1151; x_wconf 71' lang='lat' dir='ltr'>(adv.</span> <span class='ocrx_word' id='word_1_66' title='bbox 830 1093 860 1154; x_wconf 90' lang='lat' dir='ltr'>p.</span> <span class='ocrx_word' id='word_1_67' title='bbox 878 1074 941 1151; x_wconf 79' lang='lat'>58),</span> <span class='ocrx_word' id='word_1_68' title='bbox 965 1072 1120 1134; x_wconf 88' lang='lat' dir='ltr'>nimirum:</span> 
     </span>
     <span class='ocr_line' id='line_1_11' title="bbox 235 1157 992 1239; baseline -0.001 -19"><span class='ocrx_word' id='word_1_69' title='bbox 235 1158 286 1220; x_wconf 81' lang='lat' dir='ltr'>ltoc</span> <span class='ocrx_word' id='word_1_70' title='bbox 302 1158 427 1238; x_wconf 86' lang='lat' dir='ltr'>populus</span> <span class='ocrx_word' id='word_1_71' title='bbox 448 1163 541 1221; x_wconf 81' lang='lat' dir='ltr'>omnis</span> <span class='ocrx_word' id='word_1_72' title='bbox 562 1164 713 1239; x_wconf 72' lang='lat' dir='ltr'>utumque,</span> <span class='ocrx_word' id='word_1_73' title='bbox 735 1157 787 1221; x_wconf 79' lang='lat' dir='ltr'>loc</span> <span class='ocrx_word' id='word_1_74' title='bbox 808 1160 881 1222; x_wconf 80' lang='lat' dir='ltr'>vidit</span> <span class='ocrx_word' id='word_1_75' title='bbox 901 1175 992 1220; x_wconf 83' lang='lat' dir='ltr'>soror.</span> 
     </span>
     <span class='ocr_line' id='line_1_12' title="bbox 81 1242 1156 1323; baseline 0.001 -21"><span class='ocrx_word' id='word_1_76' title='bbox 81 1259 211 1321; x_wconf 88' lang='lat' dir='ltr'>quorum</span> <span class='ocrx_word' id='word_1_77' title='bbox 224 1251 384 1323; x_wconf 89' lang='lat' dir='ltr'>utrumque</span> <span class='ocrx_word' id='word_1_78' title='bbox 399 1262 514 1305; x_wconf 89' lang='lat' dir='ltr'>errasse</span> <span class='ocrx_word' id='word_1_79' title='bbox 526 1261 562 1305; x_wconf 82' lang='lat' dir='ltr'>ex</span> <span class='ocrx_word' id='word_1_80' title='bbox 573 1242 704 1305; x_wconf 83' lang='lat' dir='ltr'>Richteri</span> <span class='ocrx_word' id='word_1_81' title='bbox 717 1244 845 1306; x_wconf 88' lang='lat' dir='ltr'>editione</span> <span class='ocrx_word' id='word_1_82' title='bbox 857 1242 1021 1306; x_wconf 86' lang='lat' dir='ltr'>didicimus.</span> <span class='ocrx_word' id='word_1_83' title='bbox 1044 1242 1156 1323; x_wconf 87' lang='lat' dir='ltr'>quippe</span> 
     </span>
     <span class='ocr_line' id='line_1_13' title="bbox 79 1326 1229 1408; baseline 0.002 -21"><span class='ocrx_word' id='word_1_84' title='bbox 79 1326 198 1388; x_wconf 70' lang='lat' dir='ltr'>matiam</span> <span class='ocrx_word' id='word_1_85' title='bbox 219 1327 396 1408; x_wconf 89' lang='lat' dir='ltr'>scripturam</span> <span class='ocrx_word' id='word_1_86' title='bbox 418 1336 542 1391; x_wconf 87' lang='lat' dir='ltr'>testatus</span> <span class='ocrx_word' id='word_1_87' title='bbox 564 1328 681 1407; x_wconf 85' lang='lat' dir='ltr'>estqui</span> <span class='ocrx_word' id='word_1_88' title='bbox 704 1329 768 1391; x_wconf 92' lang='lat' dir='ltr'>eius</span> <span class='ocrx_word' id='word_1_89' title='bbox 790 1329 821 1389; x_wconf 92' lang='lat' dir='ltr'>in</span> <span class='ocrx_word' id='word_1_90' title='bbox 845 1347 932 1390; x_wconf 87' lang='lat' dir='ltr'>usum</span> <span class='ocrx_word' id='word_1_91' title='bbox 954 1328 1086 1390; x_wconf 85' lang='lat' dir='ltr'>codicem</span> <span class='ocrx_word' id='word_1_92' title='bbox 1105 1346 1156 1389; x_wconf 85' lang='lat' dir='ltr'>ex·</span> <span class='ocrx_word' id='word_1_93' title='bbox 1226 1336 1229 1341; x_wconf 90' lang='lat'>&#39;</span> 
     </span>
     <span class='ocr_line' id='line_1_14' title="bbox 81 1411 191 1473; baseline 0 -2"><span class='ocrx_word' id='word_1_94' title='bbox 81 1411 191 1473; x_wconf 90' lang='lat' dir='ltr'>cussit:</span> 
     </span>
     <span class='ocr_line' id='line_1_15' title="bbox 181 1496 963 1580; baseline 0.001 -23"><span class='ocrx_word' id='word_1_95' title='bbox 181 1574 183 1580; x_wconf 10' lang='lat' dir='ltr'>k</span> <span class='ocrx_word' id='word_1_96' title='bbox 234 1507 259 1558; x_wconf 91' lang='lat' dir='ltr'>et</span> <span class='ocrx_word' id='word_1_97' title='bbox 276 1496 403 1577; x_wconf 85' lang='lat' dir='ltr'>populus</span> <span class='ocrx_word' id='word_1_98' title='bbox 424 1500 516 1559; x_wconf 82' lang='lat' dir='ltr'>omnis</span> <span class='ocrx_word' id='word_1_99' title='bbox 536 1506 687 1577; x_wconf 83' lang='lat' dir='ltr'>utromque</span> <span class='ocrx_word' id='word_1_100' title='bbox 707 1496 758 1559; x_wconf 78' lang='lat' dir='ltr'>lenc</span> <span class='ocrx_word' id='word_1_101' title='bbox 779 1498 851 1560; x_wconf 85' lang='lat' dir='ltr'>uidit</span> <span class='ocrx_word' id='word_1_102' title='bbox 871 1516 963 1560; x_wconf 85' lang='lat' dir='ltr'>soror.</span> 
     </span>
     <span class='ocr_line' id='line_1_16' title="bbox 79 1579 924 1660; baseline -0.002 -18"><span class='ocrx_word' id='word_1_103' title='bbox 79 1579 202 1660; x_wconf 82' lang='lat' dir='ltr'>scripsit</span> <span class='ocrx_word' id='word_1_104' title='bbox 222 1589 319 1643; x_wconf 89' lang='lat' dir='ltr'>autem</span> <span class='ocrx_word' id='word_1_105' title='bbox 342 1581 500 1643; x_wconf 85' lang='lat' dir='ltr'>Richterus</span> <span class='ocrx_word' id='word_1_106' title='bbox 523 1599 559 1641; x_wconf 86' lang='lat' dir='ltr'>ex</span> <span class='ocrx_word' id='word_1_107' title='bbox 579 1581 714 1643; x_wconf 83' lang='lat' dir='ltr'>Muelleri</span> <span class='ocrx_word' id='word_1_108' title='bbox 738 1583 924 1643; x_wconf 88' lang='lat' dir='ltr'>coniectura:</span> 
     </span>
     <span class='ocr_line' id='line_1_17' title="bbox 232 1665 987 1747; baseline 0 -20"><span class='ocrx_word' id='word_1_109' title='bbox 232 1666 282 1728; x_wconf 85' lang='lat' dir='ltr'>icc</span> <span class='ocrx_word' id='word_1_110' title='bbox 299 1665 424 1747; x_wconf 81' lang='lat' dir='ltr'>populus</span> <span class='ocrx_word' id='word_1_111' title='bbox 444 1669 589 1746; x_wconf 78' lang='lat' dir='ltr'>utrimque</span> <span class='ocrx_word' id='word_1_112' title='bbox 609 1670 711 1740; x_wconf 82' lang='lat' dir='ltr'>omnis,</span> <span class='ocrx_word' id='word_1_113' title='bbox 733 1667 784 1730; x_wconf 82' lang='lat' dir='ltr'>loc</span> <span class='ocrx_word' id='word_1_114' title='bbox 804 1668 876 1729; x_wconf 79' lang='lat' dir='ltr'>uidit</span> <span class='ocrx_word' id='word_1_115' title='bbox 896 1683 987 1729; x_wconf 81' lang='lat' dir='ltr'>soror.</span> 
     </span>
     <span class='ocr_line' id='line_1_18' title="bbox 79 1750 1155 1831; baseline -0.002 -19"><span class='ocrx_word' id='word_1_116' title='bbox 79 1751 138 1812; x_wconf 91' lang='lat' dir='ltr'>iam</span> <span class='ocrx_word' id='word_1_117' title='bbox 161 1751 231 1830; x_wconf 93' lang='lat' dir='ltr'>quid</span> <span class='ocrx_word' id='word_1_118' title='bbox 252 1751 348 1812; x_wconf 87' lang='lat' dir='ltr'>tribus</span> <span class='ocrx_word' id='word_1_119' title='bbox 369 1750 493 1813; x_wconf 88' lang='lat' dir='ltr'>testibus</span> <span class='ocrx_word' id='word_1_120' title='bbox 516 1750 605 1812; x_wconf 84' lang='lat' dir='ltr'>iacias</span> <span class='ocrx_word' id='word_1_121' title='bbox 628 1769 754 1831; x_wconf 91' lang='lat' dir='ltr'>quorum</span> <span class='ocrx_word' id='word_1_122' title='bbox 771 1752 873 1814; x_wconf 94' lang='lat' dir='ltr'>nullus</span> <span class='ocrx_word' id='word_1_123' title='bbox 888 1768 956 1813; x_wconf 88' lang='lat' dir='ltr'>cum</span> <span class='ocrx_word' id='word_1_124' title='bbox 971 1750 1155 1829; x_wconf 90' lang='lat' dir='ltr'>reliquorum</span> 
     </span>
     <span class='ocr_line' id='line_1_19' title="bbox 78 1835 1155 1917; baseline 0 -21"><span class='ocrx_word' id='word_1_125' title='bbox 78 1835 221 1897; x_wconf 80' lang='lat' dir='ltr'>alterutro</span> <span class='ocrx_word' id='word_1_126' title='bbox 250 1837 398 1897; x_wconf 75' lang='lat' dir='ltr'>consentit</span> <span class='ocrx_word' id='word_1_127' title='bbox 425 1847 455 1898; x_wconf 83' lang='lat' dir='ltr'>et</span> <span class='ocrx_word' id='word_1_128' title='bbox 483 1854 562 1898; x_wconf 93' lang='lat' dir='ltr'>unus</span> <span class='ocrx_word' id='word_1_129' title='bbox 591 1837 717 1916; x_wconf 89' lang='lat' dir='ltr'>quisque</span> <span class='ocrx_word' id='word_1_130' title='bbox 745 1836 884 1899; x_wconf 90' lang='lat' dir='ltr'>lectorem</span> <span class='ocrx_word' id='word_1_131' title='bbox 914 1836 1036 1917; x_wconf 88' lang='lat' dir='ltr'>proprio</span> <span class='ocrx_word' id='word_1_132' title='bbox 1062 1842 1155 1896; x_wconf 89' lang='lat' dir='ltr'>marte</span> 
     </span>
     <span class='ocr_line' id='line_1_20' title="bbox 77 1917 1156 2001; baseline -0.001 -20"><span class='ocrx_word' id='word_1_133' title='bbox 77 1917 178 1981; x_wconf 76' lang='lat' dir='ltr'>fallit?</span> <span class='ocrx_word' id='word_1_134' title='bbox 205 1920 345 1982; x_wconf 88' lang='lat' dir='ltr'>nimirum</span> <span class='ocrx_word' id='word_1_135' title='bbox 367 1928 510 2001; x_wconf 83' lang='lat' dir='ltr'>&#39;quartum</span> <span class='ocrx_word' id='word_1_136' title='bbox 538 1921 649 2001; x_wconf 93' lang='lat' dir='ltr'>aliquid</span> <span class='ocrx_word' id='word_1_137' title='bbox 679 1940 711 1982; x_wconf 90' lang='lat' dir='ltr'>re</span> <span class='ocrx_word' id='word_1_138' title='bbox 740 1940 807 1983; x_wconf 88' lang='lat' dir='ltr'>vera</span> <span class='ocrx_word' id='word_1_139' title='bbox 836 1922 867 1984; x_wconf 93' lang='lat' dir='ltr'>in</span> <span class='ocrx_word' id='word_1_140' title='bbox 889 1921 1015 1983; x_wconf 87' lang='lat' dir='ltr'>Etrusco</span> <span class='ocrx_word' id='word_1_141' title='bbox 1047 1921 1156 2000; x_wconf 84' lang='lat' dir='ltr'>legitur</span> 
     </span>
     <span class='ocr_line' id='line_1_21' title="bbox 77 2005 240 2085; baseline 0 -19"><span class='ocrx_word' id='word_1_142' title='bbox 77 2005 160 2085; x_wconf 92' lang='lat' dir='ltr'>quod</span> <span class='ocrx_word' id='word_1_143' title='bbox 183 2015 240 2068; x_wconf 82' lang='lat' dir='ltr'>est:</span> 
     </span>
     <span class='ocr_line' id='line_1_22' title="bbox 230 2089 1019 2171; baseline 0.004 -19"><span class='ocrx_word' id='word_1_144' title='bbox 230 2089 281 2152; x_wconf 82' lang='lat' dir='ltr'>ivor</span> <span class='ocrx_word' id='word_1_145' title='bbox 298 2089 425 2171; x_wconf 86' lang='lat' dir='ltr'>populus</span> <span class='ocrx_word' id='word_1_146' title='bbox 446 2093 548 2153; x_wconf 67' lang='lat' dir='ltr'>omnio.</span> <span class='ocrx_word' id='word_1_147' title='bbox 590 2103 743 2171; x_wconf 83' lang='lat' dir='ltr'>utromque</span> <span class='ocrx_word' id='word_1_148' title='bbox 763 2091 813 2152; x_wconf 82' lang='lat' dir='ltr'>loc</span> <span class='ocrx_word' id='word_1_149' title='bbox 834 2092 906 2154; x_wconf 82' lang='lat' dir='ltr'>uidit</span> <span class='ocrx_word' id='word_1_150' title='bbox 927 2108 1019 2155; x_wconf 79' lang='lat' dir='ltr'>soror.</span> 
     </span>
     <span class='ocr_line' id='line_1_23' title="bbox 78 2174 1154 2255; baseline -0.002 -18"><span class='ocrx_word' id='word_1_151' title='bbox 78 2175 160 2237; x_wconf 90' lang='lat' dir='ltr'>unde</span> <span class='ocrx_word' id='word_1_152' title='bbox 182 2174 260 2255; x_wconf 93' lang='lat' dir='ltr'>quod</span> <span class='ocrx_word' id='word_1_153' title='bbox 282 2193 384 2236; x_wconf 84' lang='lat' dir='ltr'>verum</span> <span class='ocrx_word' id='word_1_154' title='bbox 407 2183 451 2237; x_wconf 92' lang='lat' dir='ltr'>est</span> <span class='ocrx_word' id='word_1_155' title='bbox 473 2175 569 2237; x_wconf 89' lang='lat' dir='ltr'>statim</span> <span class='ocrx_word' id='word_1_156' title='bbox 592 2176 698 2237; x_wconf 90' lang='lat' dir='ltr'>elucet.</span> <span class='ocrx_word' id='word_1_157' title='bbox 730 2194 837 2255; x_wconf 85' lang='lat' dir='ltr'>nempe</span> <span class='ocrx_word' id='word_1_158' title='bbox 853 2176 952 2254; x_wconf 72' lang='lat' dir='ltr'>Argivi</span> <span class='ocrx_word' id='word_1_159' title='bbox 973 2183 1154 2255; x_wconf 77' lang='lat' dir='ltr'>spectatores</span> 
     </span>
     <span class='ocr_line' id='line_1_24' title="bbox 75 2260 737 2340; baseline 0.002 -20"><span class='ocrx_word' id='word_1_160' title='bbox 75 2260 200 2322; x_wconf 90' lang='lat' dir='ltr'>minime</span> <span class='ocrx_word' id='word_1_161' title='bbox 222 2268 348 2340; x_wconf 81' lang='lat' dir='ltr'>tangunt</span> <span class='ocrx_word' id='word_1_162' title='bbox 369 2260 527 2334; x_wconf 86' lang='lat' dir='ltr'>locastam3</span> <span class='ocrx_word' id='word_1_163' title='bbox 552 2279 627 2340; x_wconf 88' lang='lat' dir='ltr'>quac</span> <span class='ocrx_word' id='word_1_164' title='bbox 649 2260 737 2323; x_wconf 84' lang='lat' dir='ltr'>dixit:</span> 
     </span>
     <span class='ocr_line' id='line_1_25' title="bbox 230 2345 967 2426; baseline -0.001 -19"><span class='ocrx_word' id='word_1_165' title='bbox 230 2345 280 2407; x_wconf 82' lang='lat' dir='ltr'>lvoo</span> <span class='ocrx_word' id='word_1_166' title='bbox 297 2345 422 2426; x_wconf 85' lang='lat' dir='ltr'>populus</span> <span class='ocrx_word' id='word_1_167' title='bbox 443 2350 545 2420; x_wconf 84' lang='lat' dir='ltr'>omnis,</span> <span class='ocrx_word' id='word_1_168' title='bbox 567 2356 690 2426; x_wconf 87' lang='lat' dir='ltr'>utroque</span> <span class='ocrx_word' id='word_1_169' title='bbox 711 2345 761 2407; x_wconf 81' lang='lat' dir='ltr'>loc</span> <span class='ocrx_word' id='word_1_170' title='bbox 782 2346 855 2407; x_wconf 83' lang='lat' dir='ltr'>uidit</span> <span class='ocrx_word' id='word_1_171' title='bbox 875 2363 967 2407; x_wconf 87' lang='lat' dir='ltr'>soror.</span> 
     </span>
     <span class='ocr_line' id='line_1_26' title="bbox 76 2428 1153 2509; baseline 0 -20"><span class='ocrx_word' id='word_1_172' title='bbox 76 2428 159 2509; x_wconf 93' lang='lat' dir='ltr'>quod</span> <span class='ocrx_word' id='word_1_173' title='bbox 186 2429 256 2490; x_wconf 89' lang='lat' dir='ltr'>dum</span> <span class='ocrx_word' id='word_1_174' title='bbox 285 2431 417 2491; x_wconf 89' lang='lat' dir='ltr'>codicem</span> <span class='ocrx_word' id='word_1_175' title='bbox 441 2438 535 2493; x_wconf 87' lang='lat' dir='ltr'>tracto</span> <span class='ocrx_word' id='word_1_176' title='bbox 559 2430 674 2506; x_wconf 87' lang='lat' dir='ltr'>inveni,</span> <span class='ocrx_word' id='word_1_177' title='bbox 704 2431 782 2492; x_wconf 89' lang='lat' dir='ltr'>hanc</span> <span class='ocrx_word' id='word_1_178' title='bbox 805 2430 957 2509; x_wconf 80' lang='lat' dir='ltr'>gloriolam</span> <span class='ocrx_word' id='word_1_179' title='bbox 980 2438 1153 2509; x_wconf 81' lang='lat' dir='ltr'>occupatam</span> 
     </span>
     <span class='ocr_line' id='line_1_27' title="bbox 75 2514 1152 2595; baseline -0.001 -20"><span class='ocrx_word' id='word_1_180' title='bbox 75 2532 142 2575; x_wconf 83' lang='lat' dir='ltr'>esse</span> <span class='ocrx_word' id='word_1_181' title='bbox 164 2523 240 2576; x_wconf 91' lang='lat' dir='ltr'>tunc</span> <span class='ocrx_word' id='word_1_182' title='bbox 261 2514 419 2593; x_wconf 83' lang='lat' dir='ltr'>ignoraus:</span> <span class='ocrx_word' id='word_1_183' title='bbox 443 2532 624 2595; x_wconf 83' lang='lat' dir='ltr'>magnopere</span> <span class='ocrx_word' id='word_1_184' title='bbox 645 2514 748 2595; x_wconf 90' lang='lat' dir='ltr'>utique</span> <span class='ocrx_word' id='word_1_185' title='bbox 770 2516 933 2577; x_wconf 88' lang='lat' dir='ltr'>laudandus</span> <span class='ocrx_word' id='word_1_186' title='bbox 953 2524 997 2576; x_wconf 92' lang='lat' dir='ltr'>est</span> <span class='ocrx_word' id='word_1_187' title='bbox 1014 2514 1152 2577; x_wconf 89' lang='lat' dir='ltr'>hocloco</span> 
     </span>
     <span class='ocr_line' id='line_1_28' title="bbox 74 2598 1152 2681; baseline 0.001 -21"><span class='ocrx_word' id='word_1_188' title='bbox 74 2598 221 2679; x_wconf 88' lang='lat' dir='ltr'>Peiperus</span> <span class='ocrx_word' id='word_1_189' title='bbox 249 2600 299 2680; x_wconf 92' lang='lat' dir='ltr'>qui</span> <span class='ocrx_word' id='word_1_190' title='bbox 330 2617 432 2662; x_wconf 87' lang='lat' dir='ltr'>verum</span> <span class='ocrx_word' id='word_1_191' title='bbox 460 2601 531 2662; x_wconf 80' lang='lat' dir='ltr'>uidit</span> <span class='ocrx_word' id='word_1_192' title='bbox 556 2600 667 2681; x_wconf 88' lang='lat' dir='ltr'>(suppl.</span> <span class='ocrx_word' id='word_1_193' title='bbox 692 2601 784 2681; x_wconf 88' lang='lat' dir='ltr'>prael.</span> <span class='ocrx_word' id='word_1_194' title='bbox 806 2620 837 2680; x_wconf 88' lang='lat' dir='ltr'>p.</span> <span class='ocrx_word' id='word_1_195' title='bbox 860 2603 913 2676; x_wconf 80' lang='lat'>33)</span> <span class='ocrx_word' id='word_1_196' title='bbox 936 2610 1093 2681; x_wconf 82' lang='lat' dir='ltr'>antequam</span> <span class='ocrx_word' id='word_1_197' title='bbox 1116 2599 1152 2661; x_wconf 91' lang='lat' dir='ltr'>de</span> 
     </span>
     <span class='ocr_line' id='line_1_29' title="bbox 74 2683 708 2770; baseline 0.005 -27"><span class='ocrx_word' id='word_1_198' title='bbox 74 2702 143 2746; x_wconf 86' lang='lat' dir='ltr'>vera</span> <span class='ocrx_word' id='word_1_199' title='bbox 166 2683 284 2745; x_wconf 81' lang='lat' dir='ltr'>Etrusci</span> <span class='ocrx_word' id='word_1_200' title='bbox 307 2685 454 2765; x_wconf 90' lang='lat' dir='ltr'>scriptura</span> <span class='ocrx_word' id='word_1_201' title='bbox 477 2686 599 2770; x_wconf 77' lang='lat' dir='ltr'>edoctus</span> <span class='ocrx_word' id='word_1_202' title='bbox 621 2693 708 2746; x_wconf 91' lang='lat' dir='ltr'>esset.</span> 
     </span>
     <span class='ocr_line' id='line_1_30' title="bbox 161 2761 1198 2845; baseline -0.001 -16"><span class='ocrx_word' id='word_1_203' title='bbox 161 2769 208 2829; x_wconf 92' lang='lat' dir='ltr'>his</span> <span class='ocrx_word' id='word_1_204' title='bbox 222 2768 295 2830; x_wconf 92' lang='lat' dir='ltr'>locis</span> <span class='ocrx_word' id='word_1_205' title='bbox 311 2788 380 2832; x_wconf 89' lang='lat' dir='ltr'>cum</span> <span class='ocrx_word' id='word_1_206' title='bbox 395 2770 491 2832; x_wconf 90' lang='lat' dir='ltr'>adhuc</span> <span class='ocrx_word' id='word_1_207' title='bbox 506 2770 618 2832; x_wconf 90' lang='lat' dir='ltr'>inscius</span> <span class='ocrx_word' id='word_1_208' title='bbox 634 2769 750 2832; x_wconf 86' lang='lat' dir='ltr'>lallatur</span> <span class='ocrx_word' id='word_1_209' title='bbox 769 2769 899 2845; x_wconf 86' lang='lat' dir='ltr'>criticus,</span> <span class='ocrx_word' id='word_1_210' title='bbox 923 2769 1057 2830; x_wconf 79' lang='lat' dir='ltr'>oninium</span> <span class='ocrx_word' id='word_1_211' title='bbox 1072 2775 1151 2829; x_wconf 86' lang='lat' dir='ltr'>certe</span> <span class='ocrx_word' id='word_1_212' title='bbox 1188 2761 1198 2779; x_wconf 78' lang='grc'><em>“</em></span> 
     </span>
     <span class='ocr_line' id='line_1_31' title="bbox 75 2852 1152 2936; baseline 0 -22"><span class='ocrx_word' id='word_1_213' title='bbox 75 2855 239 2934; x_wconf 82' lang='lat' dir='ltr'>aegerrime</span> <span class='ocrx_word' id='word_1_214' title='bbox 268 2855 295 2915; x_wconf 89' lang='lat' dir='ltr'>ei</span> <span class='ocrx_word' id='word_1_215' title='bbox 323 2855 462 2917; x_wconf 87' lang='lat' dir='ltr'>feruntur</span> <span class='ocrx_word' id='word_1_216' title='bbox 489 2855 565 2933; x_wconf 90' lang='lat' dir='ltr'>loci,</span> <span class='ocrx_word' id='word_1_217' title='bbox 594 2856 624 2916; x_wconf 92' lang='lat' dir='ltr'>in</span> <span class='ocrx_word' id='word_1_218' title='bbox 648 2855 757 2936; x_wconf 88' lang='lat' dir='ltr'>quihus</span> <span class='ocrx_word' id='word_1_219' title='bbox 780 2853 857 2915; x_wconf 87' lang='lat' dir='ltr'>inter</span> <span class='ocrx_word' id='word_1_220' title='bbox 879 2853 964 2933; x_wconf 90' lang='lat' dir='ltr'>plura</span> <span class='ocrx_word' id='word_1_221' title='bbox 987 2853 1024 2913; x_wconf 92' lang='lat' dir='ltr'>de</span> <span class='ocrx_word' id='word_1_222' title='bbox 1050 2852 1152 2914; x_wconf 86' lang='lat' dir='ltr'>codice</span> 
     </span>
     <span class='ocr_line' id='line_1_32' title="bbox 73 2935 1152 3019; baseline -0.001 -18"><span class='ocrx_word' id='word_1_223' title='bbox 73 2938 242 3001; x_wconf 88' lang='lat' dir='ltr'>testimonia</span> <span class='ocrx_word' id='word_1_224' title='bbox 264 2939 346 3019; x_wconf 90' lang='lat' dir='ltr'>optio</span> <span class='ocrx_word' id='word_1_225' title='bbox 369 2935 436 3001; x_wconf 75' lang='lat' dir='ltr'>data‘</span> <span class='ocrx_word' id='word_1_226' title='bbox 449 2949 503 3001; x_wconf 87' lang='lat' dir='ltr'>est.</span> <span class='ocrx_word' id='word_1_227' title='bbox 540 2940 641 3019; x_wconf 90' lang='lat' dir='ltr'>quales</span> <span class='ocrx_word' id='word_1_228' title='bbox 657 2958 725 3001; x_wconf 90' lang='lat' dir='ltr'>cum</span> <span class='ocrx_word' id='word_1_229' title='bbox 746 2940 920 3018; x_wconf 85' lang='lat' dir='ltr'>frequenter</span> <span class='ocrx_word' id='word_1_230' title='bbox 940 2938 971 2998; x_wconf 92' lang='lat' dir='ltr'>in</span> <span class='ocrx_word' id='word_1_231' title='bbox 994 2937 1152 3000; x_wconf 86' lang='lat' dir='ltr'>novissima</span> 
     </span>
     <span class='ocr_line' id='line_1_33' title="bbox 74 3022 1151 3104; baseline -0.001 -20"><span class='ocrx_word' id='word_1_232' title='bbox 74 3024 205 3086; x_wconf 88' lang='lat' dir='ltr'>editione</span> <span class='ocrx_word' id='word_1_233' title='bbox 234 3024 438 3100; x_wconf 89' lang='lat' dir='ltr'>inveniantur,</span> <span class='ocrx_word' id='word_1_234' title='bbox 468 3043 530 3086; x_wconf 92' lang='lat' dir='ltr'>non</span> <span class='ocrx_word' id='word_1_235' title='bbox 555 3024 666 3104; x_wconf 89' lang='lat' dir='ltr'>ubique</span> <span class='ocrx_word' id='word_1_236' title='bbox 688 3023 793 3086; x_wconf 88' lang='lat' dir='ltr'>accidit</span> <span class='ocrx_word' id='word_1_237' title='bbox 816 3022 895 3104; x_wconf 94' lang='lat' dir='ltr'>quod</span> <span class='ocrx_word' id='word_1_238' title='bbox 918 3023 949 3083; x_wconf 94' lang='lat' dir='ltr'>in</span> <span class='ocrx_word' id='word_1_239' title='bbox 972 3023 1039 3084; x_wconf 89' lang='lat' dir='ltr'>loco</span> <span class='ocrx_word' id='word_1_240' title='bbox 1063 3041 1151 3104; x_wconf 91' lang='lat' dir='ltr'>quern</span> 
     </span>
     <span class='ocr_line' id='line_1_34' title="bbox 74 3108 1150 3190; baseline 0 -21"><span class='ocrx_word' id='word_1_241' title='bbox 74 3109 163 3169; x_wconf 89' lang='lat' dir='ltr'>modo</span> <span class='ocrx_word' id='word_1_242' title='bbox 183 3109 371 3171; x_wconf 75' lang='lat' dir='ltr'>tractavimus</span> <span class='ocrx_word' id='word_1_243' title='bbox 393 3109 506 3172; x_wconf 86' lang='lat' dir='ltr'>scilicet</span> <span class='ocrx_word' id='word_1_244' title='bbox 523 3118 558 3170; x_wconf 88' lang='lat' dir='ltr'>ut</span> <span class='ocrx_word' id='word_1_245' title='bbox 570 3117 661 3171; x_wconf 90' lang='lat' dir='ltr'>testes</span> <span class='ocrx_word' id='word_1_246' title='bbox 676 3109 740 3171; x_wconf 85' lang='lat' dir='ltr'>falsi</span> <span class='ocrx_word' id='word_1_247' title='bbox 755 3108 817 3171; x_wconf 90' lang='lat' dir='ltr'>sint</span> <span class='ocrx_word' id='word_1_248' title='bbox 831 3127 950 3184; x_wconf 90' lang='lat' dir='ltr'>omues;</span> <span class='ocrx_word' id='word_1_249' title='bbox 974 3128 1150 3190; x_wconf 89' lang='lat' dir='ltr'>quamquam</span> 
     </span>
     <span class='ocr_line' id='line_1_35' title="bbox 74 3193 1150 3274; baseline 0.001 -20"><span class='ocrx_word' id='word_1_250' title='bbox 74 3200 173 3255; x_wconf 84' lang='lat' dir='ltr'>extant</span> <span class='ocrx_word' id='word_1_251' title='bbox 200 3194 322 3271; x_wconf 87' lang='lat' dir='ltr'>similia,</span> <span class='ocrx_word' id='word_1_252' title='bbox 352 3204 386 3256; x_wconf 87' lang='lat' dir='ltr'>ut</span> <span class='ocrx_word' id='word_1_253' title='bbox 413 3193 467 3255; x_wconf 85' lang='grc' dir='ltr'>ΗΟ</span> <span class='ocrx_word' id='word_1_254' title='bbox 493 3196 571 3259; x_wconf 82' lang='grc'>1791</span> <span class='ocrx_word' id='word_1_255' title='bbox 600 3204 676 3274; x_wconf 87' lang='lat' dir='ltr'>petet</span> <span class='ocrx_word' id='word_1_256' title='bbox 700 3195 734 3255; x_wconf 89' lang='lat' dir='ltr'>N.</span> <span class='ocrx_word' id='word_1_257' title='bbox 758 3193 915 3269; x_wconf 87' lang='lat' dir='ltr'>Heinsius,</span> <span class='ocrx_word' id='word_1_258' title='bbox 940 3198 1003 3274; x_wconf 79' lang='lat' dir='ltr'>peti</span> <span class='ocrx_word' id='word_1_259' title='bbox 1027 3194 1150 3257; x_wconf 89' lang='lat' dir='ltr'>Peterus</span> 
     </span>
     <span class='ocr_line' id='line_1_36' title="bbox 74 3278 1152 3359; baseline -0.001 -19"><span class='ocrx_word' id='word_1_260' title='bbox 74 3286 207 3353; x_wconf 89' lang='lat' dir='ltr'>testatur,</span> <span class='ocrx_word' id='word_1_261' title='bbox 227 3284 299 3359; x_wconf 79' lang='lat' dir='ltr'>petit</span> <span class='ocrx_word' id='word_1_262' title='bbox 321 3280 352 3340; x_wconf 92' lang='lat' dir='ltr'>in</span> <span class='ocrx_word' id='word_1_263' title='bbox 370 3279 496 3341; x_wconf 87' lang='lat' dir='ltr'>Etrusco</span> <span class='ocrx_word' id='word_1_264' title='bbox 518 3280 637 3358; x_wconf 81' lang='lat' dir='ltr'>legitur,</span> <span class='ocrx_word' id='word_1_265' title='bbox 660 3289 693 3341; x_wconf 93' lang='lat' dir='ltr'>ut</span> <span class='ocrx_word' id='word_1_266' title='bbox 715 3279 784 3340; x_wconf 87' lang='lat' dir='ltr'>ibid.</span> <span class='ocrx_word' id='word_1_267' title='bbox 806 3282 886 3344; x_wconf 82' lang='lat'>1403</span> <span class='ocrx_word' id='word_1_268' title='bbox 909 3278 1019 3359; x_wconf 80' lang='lat' dir='ltr'>aliquid</span> <span class='ocrx_word' id='word_1_269' title='bbox 1033 3279 1152 3340; x_wconf 89' lang='lat' dir='ltr'>Grono-</span> 
     </span>
     <span class='ocr_line' id='line_1_37' title="bbox 73 3363 1149 3447; baseline -0.001 -23"><span class='ocrx_word' id='word_1_270' title='bbox 73 3363 148 3438; x_wconf 86' lang='lat' dir='ltr'>vius,</span> <span class='ocrx_word' id='word_1_271' title='bbox 169 3363 262 3444; x_wconf 81' lang='lat' dir='ltr'>oliqur&#39;</span> <span class='ocrx_word' id='word_1_272' title='bbox 281 3364 416 3441; x_wconf 82' lang='lat' dir='ltr'>Pelorus,</span> <span class='ocrx_word' id='word_1_273' title='bbox 439 3365 554 3446; x_wconf 80' lang='lat' dir='ltr'>aliquod</span> <span class='ocrx_word' id='word_1_274' title='bbox 569 3365 713 3447; x_wconf 81' lang='lat' dir='ltr'>Etruscus</span> <span class='ocrx_word' id='word_1_275' title='bbox 736 3365 865 3445; x_wconf 86' lang='lat' dir='ltr'>praebet.</span> <span class='ocrx_word' id='word_1_276' title='bbox 896 3372 925 3425; x_wconf 91' lang='lat' dir='ltr'>at</span> <span class='ocrx_word' id='word_1_277' title='bbox 939 3363 1057 3444; x_wconf 89' lang='lat' dir='ltr'>saepius</span> <span class='ocrx_word' id='word_1_278' title='bbox 1072 3363 1149 3424; x_wconf 90' lang='lat' dir='ltr'>acci-</span> 
     </span>
     <span class='ocr_line' id='line_1_38' title="bbox 73 3447 1149 3512; baseline 0 -3"><span class='ocrx_word' id='word_1_279' title='bbox 73 3448 151 3509; x_wconf 88' lang='lat' dir='ltr'>disse</span> <span class='ocrx_word' id='word_1_280' title='bbox 165 3457 399 3512; x_wconf 87' lang='lat' dir='ltr'>oonsentaneum</span> <span class='ocrx_word' id='word_1_281' title='bbox 416 3459 462 3512; x_wconf 89' lang='lat' dir='ltr'>est</span> <span class='ocrx_word' id='word_1_282' title='bbox 475 3458 510 3512; x_wconf 92' lang='lat' dir='ltr'>ut</span> <span class='ocrx_word' id='word_1_283' title='bbox 524 3451 663 3512; x_wconf 87' lang='lat' dir='ltr'>alteruter</span> <span class='ocrx_word' id='word_1_284' title='bbox 678 3448 797 3511; x_wconf 90' lang='lat' dir='ltr'>testium</span> <span class='ocrx_word' id='word_1_285' title='bbox 813 3450 898 3512; x_wconf 88' lang='lat' dir='ltr'>tidem</span> <span class='ocrx_word' id='word_1_286' title='bbox 921 3468 981 3511; x_wconf 93' lang='lat' dir='ltr'>non</span> <span class='ocrx_word' id='word_1_287' title='bbox 1003 3447 1149 3510; x_wconf 84' lang='lat' dir='ltr'>fefellerit.</span> 
     </span>
     <span class='ocr_line' id='line_1_39' title="bbox 74 3534 1149 3615; baseline 0 -21"><span class='ocrx_word' id='word_1_288' title='bbox 74 3542 118 3609; x_wconf 93' lang='lat' dir='ltr'>et,</span> <span class='ocrx_word' id='word_1_289' title='bbox 141 3534 281 3612; x_wconf 90' lang='lat' dir='ltr'>quoniam</span> <span class='ocrx_word' id='word_1_290' title='bbox 304 3534 382 3597; x_wconf 89' lang='lat' dir='ltr'>inter</span> <span class='ocrx_word' id='word_1_291' title='bbox 404 3534 584 3597; x_wconf 88' lang='lat' dir='ltr'>Gronovium</span> <span class='ocrx_word' id='word_1_292' title='bbox 607 3534 783 3615; x_wconf 86' lang='lat' dir='ltr'>plerumque</span> <span class='ocrx_word' id='word_1_293' title='bbox 806 3542 835 3596; x_wconf 91' lang='lat' dir='ltr'>et</span> <span class='ocrx_word' id='word_1_294' title='bbox 857 3534 995 3596; x_wconf 90' lang='lat' dir='ltr'>Peterum</span> <span class='ocrx_word' id='word_1_295' title='bbox 1020 3552 1068 3595; x_wconf 92' lang='lat' dir='ltr'>res</span> <span class='ocrx_word' id='word_1_296' title='bbox 1095 3540 1149 3610; x_wconf 90' lang='lat' dir='ltr'>est,</span> 
     </span>
     <span class='ocr_line' id='line_1_40' title="bbox 72 3617 1149 3700; baseline 0.001 -21"><span class='ocrx_word' id='word_1_297' title='bbox 72 3618 157 3696; x_wconf 88' lang='lat' dir='ltr'>plura</span> <span class='ocrx_word' id='word_1_298' title='bbox 179 3619 299 3698; x_wconf 87' lang='lat' dir='ltr'>quidem</span> <span class='ocrx_word' id='word_1_299' title='bbox 321 3621 445 3682; x_wconf 92' lang='lat' dir='ltr'>suntin</span> <span class='ocrx_word' id='word_1_300' title='bbox 467 3620 576 3700; x_wconf 91' lang='lat' dir='ltr'>quibus</span> <span class='ocrx_word' id='word_1_301' title='bbox 599 3618 766 3681; x_wconf 88' lang='lat' dir='ltr'>Gronovius</span> <span class='ocrx_word' id='word_1_302' title='bbox 787 3619 892 3681; x_wconf 89' lang='lat' dir='ltr'>lalsum</span> <span class='ocrx_word' id='word_1_303' title='bbox 915 3617 1043 3695; x_wconf 88' lang='lat' dir='ltr'>tradidit,</span> <span class='ocrx_word' id='word_1_304' title='bbox 1070 3618 1149 3680; x_wconf 87' lang='lat' dir='ltr'>haud</span> 
     </span>
     <span class='ocr_line' id='line_1_41' title="bbox 73 3702 1149 3784; baseline 0.003 -22"><span class='ocrx_word' id='word_1_305' title='bbox 73 3719 147 3763; x_wconf 88' lang='lat' dir='ltr'>raro</span> <span class='ocrx_word' id='word_1_306' title='bbox 160 3710 260 3766; x_wconf 87' lang='lat' dir='ltr'>tamen</span> <span class='ocrx_word' id='word_1_307' title='bbox 283 3704 320 3765; x_wconf 91' lang='lat' dir='ltr'>de</span> <span class='ocrx_word' id='word_1_308' title='bbox 335 3704 442 3766; x_wconf 88' lang='lat' dir='ltr'>Petero</span> <span class='ocrx_word' id='word_1_309' title='bbox 464 3706 563 3768; x_wconf 89' lang='lat' dir='ltr'>eiusve</span> <span class='ocrx_word' id='word_1_310' title='bbox 585 3703 703 3766; x_wconf 90' lang='lat' dir='ltr'>silentio</span> <span class='ocrx_word' id='word_1_311' title='bbox 727 3704 864 3784; x_wconf 88' lang='lat' dir='ltr'>superior</span> <span class='ocrx_word' id='word_1_312' title='bbox 886 3702 1017 3766; x_wconf 89' lang='lat' dir='ltr'>discedit.</span> <span class='ocrx_word' id='word_1_313' title='bbox 1057 3722 1149 3783; x_wconf 91' lang='lat' dir='ltr'>quare</span> 
     </span>
     <span class='ocr_line' id='line_1_42' title="bbox 72 3787 1149 3870; baseline 0.001 -21"><span class='ocrx_word' id='word_1_314' title='bbox 72 3787 167 3866; x_wconf 87' lang='lat' dir='ltr'>primo</span> <span class='ocrx_word' id='word_1_315' title='bbox 196 3789 262 3851; x_wconf 90' lang='lat' dir='ltr'>loco</span> <span class='ocrx_word' id='word_1_316' title='bbox 294 3809 328 3852; x_wconf 89' lang='lat' dir='ltr'>ea</span> <span class='ocrx_word' id='word_1_317' title='bbox 356 3808 503 3870; x_wconf 88' lang='lat' dir='ltr'>ponemus</span> <span class='ocrx_word' id='word_1_318' title='bbox 531 3791 563 3852; x_wconf 90' lang='lat' dir='ltr'>in</span> <span class='ocrx_word' id='word_1_319' title='bbox 594 3789 702 3870; x_wconf 90' lang='lat' dir='ltr'>quibus</span> <span class='ocrx_word' id='word_1_320' title='bbox 724 3789 865 3850; x_wconf 84' lang='lat' dir='ltr'>Gronovii</span> <span class='ocrx_word' id='word_1_321' title='bbox 892 3788 979 3850; x_wconf 87' lang='lat' dir='ltr'>tidem</span> <span class='ocrx_word' id='word_1_322' title='bbox 1002 3788 1149 3855; x_wconf 87' lang='lat' dir='ltr'>Etruscus</span> 
     </span>
     <span class='ocr_line' id='line_1_43' title="bbox 72 3873 185 3952; baseline 0.009 -18"><span class='ocrx_word' id='word_1_323' title='bbox 72 3873 185 3952; x_wconf 88' lang='lat' dir='ltr'>probat.</span> 
     </span>
     <span class='ocr_line' id='line_1_44' title="bbox 112 3958 1008 4039; baseline 0 -19"><span class='ocrx_word' id='word_1_324' title='bbox 112 3958 160 4021; x_wconf 87' lang='lat' dir='ltr'>Hi.</span> <span class='ocrx_word' id='word_1_325' title='bbox 184 3961 245 4025; x_wconf 80' lang='lat'>527</span> <span class='ocrx_word' id='word_1_326' title='bbox 271 3972 374 4022; x_wconf 88' lang='lat' dir='ltr'>estest</span> <span class='ocrx_word' id='word_1_327' title='bbox 395 3964 504 4023; x_wconf 79' lang='lat' dir='ltr'>sonitus</span> <span class='ocrx_word' id='word_1_328' title='bbox 526 3958 660 4023; x_wconf 83' lang='lat' dir='ltr'>Herculei</span> <span class='ocrx_word' id='word_1_329' title='bbox 678 3961 785 4039; x_wconf 66' lang='lat' dir='ltr'>podera</span> <span class='ocrx_word' id='word_1_330' title='bbox 807 3961 850 4036; x_wconf 82' lang='lat' dir='ltr'>(id</span> <span class='ocrx_word' id='word_1_331' title='bbox 871 3969 911 4022; x_wconf 88' lang='lat' dir='ltr'>est</span> <span class='ocrx_word' id='word_1_332' title='bbox 932 3958 1008 4036; x_wconf 87' lang='lat' dir='ltr'>Pet.)</span> 
     </span>
    </p>
   </div>
   <div class='ocr_carea' id='block_1_3' title="bbox 0 0 1328 4478">
    <p class='ocr_par' dir='ltr' id='par_1_3' title="bbox 0 0 1328 4478">
     <span class='ocr_line' id='line_1_45' title="bbox 0 0 1328 4478; baseline 0 1"><span class='ocrx_word' id='word_1_333' title='bbox 0 0 1328 4478; x_wconf 95' lang='lat' dir='ltr'> </span> 
     </span>
    </p>
   </div>
  </div>
 </body>
</html>
