2790 4494
177 203 217 267 88
560 220 588 261 u.
610 218 715 261 anunm
737 217 865 261 suescas

175 370 312 434 lacrimae
334 377 511 451 supererant
533 404 574 419 ·-
595 369 649 430 has
670 387 790 448 quoque
813 369 910 450 eripui
931 371 1012 433 mihi.

176 457 293 518 absiste.
338 455 434 518 nullas
455 455 571 519 animus
594 454 719 517 admittit
740 473 846 534 proces

177 559 341 620 novamque
363 559 489 620 poenam
512 539 674 601 sceleribus
695 540 811 619 quaerit
832 557 943 620 parem.

177 634 206 689 et
228 645 293 688 esse
314 645 369 706 par
390 645 466 707 quae
487 623 619 707 poterit?
640 625 746 686 inlanti
772 643 893 705 quoque

176 712 293 773 decreta
316 729 396 772 mors
419 719 472 773 est
514 710 572 771 lata
595 710 663 789 quis
685 718 743 771 tam
765 710 860 772 tristia
971 758 974 762 .

176 797 298 858 sortitus
320 793 483 876 umquam?
504 796 633 857 videram
656 795 789 857 nondum
810 796 890 857 diem

177 882 312 960 uterique
335 881 468 943 nondum
491 881 633 942 solveram
658 880 752 941 clausi
773 898 880 955 moras,

103 1020 107 1023 .
176 975 206 1027 et
226 967 283 1027 iam
307 966 440 1028 timebar.
484 966 623 1045 protinus
646 966 789 1045 quosdam
811 965 907 1026 editos

176 1070 236 1112 nox
258 1052 412 1132 occuparit
434 1058 462 1112 et
485 1069 576 1112 novae
599 1050 659 1112 luci
680 1050 815 1113 ahstulitc

176 1154 257 1197 mors
279 1154 327 1197 me
348 1136 522 1211 antecessit;
545 1134 653 1215 aliquis
674 1136 751 1197 iutra
773 1135 885 1197 viscera

176 1230 307 1282 materna
330 1222 421 1283 letum
442 1222 619 1300 praecoquis
641 1221 692 1282 lati
714 1220 796 1282 tulit:

176 1307 226 1367 sed
250 1306 394 1385 numquid
417 1313 446 1367 et
468 1303 622 1386 peccavit?
644 1305 822 1378 abstrusum,
846 1304 975 1368 abditum

176 1391 359 1470 dubiumque
382 1409 420 1452 an
442 1409 536 1452 essem
559 1391 680 1452 sceleris
703 1390 816 1452 infandi
838 1408 922 1453 reum

176 1475 249 1537 deus
272 1477 347 1556 egit;
369 1475 420 1537 illo
442 1484 517 1537 teste
539 1476 685 1537 damnavit
706 1494 815 1554 parens
848 1519 852 1527 ·

175 1560 329 1640 calidoque
351 1568 471 1623 teneros
492 1561 620 1622 transuit
642 1562 720 1622 lerro
743 1561 834 1641 pedes
865 1604 868 1613 .

176 1654 205 1706 et
227 1646 257 1707 in
281 1645 336 1709 alta
359 1664 480 1708 nemora
501 1645 645 1725 pabulum
667 1646 748 1707 misit
769 1646 839 1707 loris

175 1730 336 1812 avibusque
358 1731 451 1793 saevis
473 1749 547 1810 quas
570 1730 727 1793 Cithaeron
751 1731 857 1792 noxius

176 1834 284 1878 cruore
306 1835 393 1895 saepe
415 1816 498 1894 regio
521 1816 628 1877 tinctas
649 1816 710 1878 alit.

175 1901 227 1962 sed
249 1919 338 1980 quem
360 1901 434 1962 deus
456 1900 611 1975 damnavit,
634 1900 740 1963 abiecit
762 1911 855 1981 pater,

174 2004 255 2047 mors
277 2004 398 2065 quoque
419 1986 538 2065 refugit.
583 1986 716 2066 praestiti
737 1985 860 2065 Delphis
880 1985 983 2047 Mem:

176 2071 338 2150 genitorem
362 2070 483 2132 adortus
505 2070 595 2151 impia
618 2072 704 2132 stravi
729 2090 811 2133 nece.

174 2156 232 2216 hoc
254 2155 308 2217 alia
330 2156 424 2234 pietas
447 2155 584 2217 redimetr
606 2156 703 2218 occidi
727 2164 851 2236 patrem,

175 2240 226 2301 sed
248 2248 371 2301 matrem
393 2239 485 2300 amavi
507 2274 547 2284 -
570 2240 709 2320 proloqui
731 2241 925 2321 hymenaeum
948 2240 1040 2320 pudet

174 2326 333 2404 taedasque
357 2334 472 2385 nostras
494 2325 609 2386 -has
632 2343 752 2404 quoque
774 2324 899 2386 invitum
921 2326 982 2405 pati

175 2419 203 2471 te
227 2427 300 2487 coge
320 2427 449 2489 poenas:
473 2409 588 2470 lacinus
610 2409 746 2489 ignotum
769 2411 892 2471 silerum

174 2494 346 2557 inusitatum
370 2493 458 2555 ellare
480 2494 558 2574 quod
582 2494 685 2575 populi
707 2496 857 2570 horreant,

174 2580 252 2660 quod
277 2597 341 2640 esse
363 2579 472 2640 lactum
495 2579 576 2640 nulla
598 2599 660 2641 non
683 2590 762 2643 actas
784 2589 882 2660 neget,

173 2664 254 2745 quod
276 2664 451 2745 parricidam
475 2665 599 2748 pudeatt
626 2666 657 2727 in
680 2667 792 2746 patrios
813 2679 895 2728 toros

174 2749 228 2811 tuli
252 2757 376 2829 paterno
399 2749 544 2829 sanguine
566 2768 700 2832 aspersas
723 2769 829 2812 manus

174 2835 354 2915 scelerisque
376 2834 505 2915 pretium
527 2835 622 2897 maius
644 2837 746 2917 accepi
768 2836 875 2898 scelus.

174 2920 236 2982 leve
259 2927 304 2981 est
325 2928 483 2998 paternum
504 2920 633 2982 lacinus:
658 2922 689 2983 in
711 2922 853 2984 thalamos
874 2939 958 2982 meos

174 3005 298 3067 deducta
321 3012 423 3081 mater,
446 3024 611 3085 ceparum
634 3007 755 3068 sceleris
776 3007 862 3082 toret,
969 3078 971 3083 ‚

174 3089 300 3151 lecuuda
323 3124 365 3133 —
389 3089 504 3151 nullum
528 3091 641 3153 crimen
663 3091 721 3152 hoc
744 3090 838 3152 maius
860 3098 959 3170 potest

174 3182 278 3236 natura
300 3174 389 3235 lerre.
434 3174 459 3235 si
483 3176 563 3254 quod
585 3177 745 3238 etiamnum
768 3185 942 3247 esttamen,

173 3259 224 3339 qui
248 3259 345 3320 lacere
367 3268 489 3338 possent
512 3260 656 3321 dedimus.
700 3260 793 3323 abieci
815 3262 898 3323 necis

171 3344 301 3426 pretium
324 3352 464 3423 paternae
486 3352 636 3424 sceptrum
661 3354 690 3407 et
711 3346 769 3407 hoc
791 3347 897 3408 iterum
920 3363 1026 3408 manus

172 3429 294 3493 armavit
315 3428 402 3505 alias;
425 3428 535 3508 optime
556 3431 640 3508 regni
662 3429 721 3492 mei

171 3516 264 3579 latum
286 3515 351 3595 ipse
373 3515 456 3575 nori:
481 3532 568 3576 nemo
591 3514 656 3578 sine
679 3533 762 3577 sacro
784 3516 860 3578 leret

258 3684 308 3735 240
332 3676 466 3748 eripuitll
541 3683 591 3736 242
614 3684 715 3750 quaerit
731 3687 830 3750 patrem
848 3681 873 3732 ll
950 3683 999 3735 248
1022 3681 1087 3735 lucis
1103 3682 1129 3734 d
1175 3685 1248 3736 vllll

170 3751 272 3804 rensll
363 3753 414 3803 254
437 3750 567 3803 transtulit
585 3750 611 3801 A
702 3754 752 3805 256
774 3751 916 3817 avibusque
939 3749 1021 3802 avidis
1045 3752 1135 3819 (atque
1157 3751 1248 3804 aribus

170 3819 253 3871 avidis
272 3819 400 3883 Poggius)
417 3818 449 3869 A.
467 3847 502 3858 —
519 3817 661 3888 cyntheron
679 3819 705 3870 Ε
779 3823 827 3871 255
853 3821 947 3871 tractas
967 3818 1055 3870 alitA
1123 3821 1171 3871 251
1191 3834 1248 3872 sce·

170 3885 250 3939 lerum
274 3885 299 3936 A
384 3888 433 3940 253
457 3886 480 3938 si
501 3903 552 3938 om.
576 3885 601 3936 Ε
692 3890 742 3941 254
766 3887 907 3956 ροεεὶηὶς
993 3889 1043 3940 255
1065 3890 1200 3955 paternum
1223 3887 1249 3938 Ε

172 3955 222 4005 256
240 3966 309 4003 arma
327 3953 427 4005 vitabas
444 3953 470 4004 u
538 3956 586 4007 255
605 3953 693 4007 efferet
709 3955 735 4006 ll
