2776 4476
183 236 221 300 16
569 254 597 295 u.
613 253 718 295 annam
733 252 860 295 sennenn

179 414 277 486 partes
292 422 374 466 meae
389 411 460 465 sunt
474 403 596 464 reddere
610 403 729 466 Alcidae
744 413 857 484 patrem

181 507 335 571 genusque
349 507 460 550 verum.
515 496 583 567 post
597 496 641 550 tot
655 489 785 568 ingentis
799 489 853 550 viri

180 575 368 637 memoranda
382 574 457 635 laeta
473 580 599 653 postque
614 582 750 653 paratum
765 591 854 635 manu

178 660 388 740 quodcumque
402 658 489 720 Titan
505 667 588 719 ortus
603 668 632 720 et
646 658 749 720 labens
765 659 852 735 videt,

180 755 247 825 post
261 753 393 806 monstra
408 751 452 804 tot
467 744 641 823 perdomita,
657 751 726 824 post
739 743 894 823 Phlegram
910 744 1001 823 impio

180 848 311 911 sparsam
327 847 434 890 eruore
449 838 575 908 postque
591 829 727 891 defensos
743 830 815 891 deos

180 916 313 978 nondum
329 914 423 994 liquet
437 913 474 974 de
490 911 596 994 patre?
625 913 786 976 mentimur
801 914 913 975 lovem:

179 1000 303 1063 lunonis
318 1000 385 1060 odio
401 999 498 1060 erede.
548 1018 610 1060 ure.
641 998 717 1071 Quid
732 999 822 1061 violas
837 995 957 1061 lovem?

179 1085 302 1147 mortale
317 1084 398 1145 eaelo
415 1102 475 1145 non
491 1090 588 1163 potest
604 1084 688 1164 iungi
706 1102 811 1163 genus.

180 1190 265 1232 nuru.
297 1169 468 1231 Communis
483 1169 538 1230 ista
552 1168 689 1248 pluribus
705 1187 792 1230 eausa
809 1177 852 1230 est
863 1169 934 1231 deis.

180 1275 242 1318 ure.
273 1253 426 1316 Famuline
443 1253 559 1314 iuerant
573 1262 641 1315 ante
658 1271 745 1335 quam
761 1255 867 1316 tierent
884 1252 954 1316 dei?

180 1358 265 1402 nuru.
296 1338 399 1400 Pastor
414 1337 561 1400 Pheraeos
576 1337 678 1402 Delius
693 1340 772 1419 pavit
787 1358 891 1420 greges
906 1374 949 1385 -

180 1444 242 1489 nuc.
274 1424 331 1486 Sed
347 1441 408 1485 non
424 1441 478 1503 per
493 1441 597 1485 omnes
612 1425 679 1486 exul
695 1425 801 1485 erravit
816 1426 925 1504 plagas.

180 1529 265 1573 rnen.
296 1509 390 1580 Quem
406 1509 531 1587 prolhga
545 1521 623 1571 terra
638 1517 733 1571 mater
747 1519 864 1572 errante
880 1509 978 1571 edidit.

180 1614 243 1658 nro.
273 1594 351 1658 Num
366 1603 498 1655 monstra
513 1611 594 1656 saeva
610 1593 748 1656 Phoebus
763 1603 814 1656 aut
828 1595 926 1656 timuit
936 1591 1035 1656 feras?

181 1698 266 1741 turn.
296 1679 414 1741 Primus
430 1679 549 1758 sagittas
564 1678 670 1742 imbuit
683 1679 795 1741 Phoebi
810 1680 908 1742 draeo.

180 1784 243 1826 ure.
274 1764 368 1836 Quam
384 1764 480 1843 gravia
495 1782 603 1844 parvus
618 1765 718 1827 tulerit
732 1764 851 1843 ignoras
867 1762 964 1827 mala?

181 1869 267 1911 nunu.
298 1849 321 1909 E
336 1850 438 1911 matris
454 1856 539 1910 utero
553 1849 678 1911 lulmine
694 1850 805 1911 eiectus
822 1869 897 1931 puer

181 1954 250 1996 mox
265 1934 431 1995 fulminanti
446 1934 600 2013 proximus
614 1935 689 2015 patri
705 1935 795 1996 stetit.

181 2017 276 2099 quid?
304 2019 355 2098 qui
371 2018 517 2097 gubernat
530 2028 616 2094 astra,
633 2020 684 2099 qui
701 2019 796 2082 nubes
812 2021 914 2101 quatit,

182 2123 244 2166 non
260 2103 345 2169 latuit
358 2104 456 2165 infans
472 2106 555 2183 rupis
571 2104 672 2166 idaeae
687 2103 803 2184 speeu‘i

181 2190 305 2251 sollicita
321 2189 394 2251 tanti
408 2189 502 2268 pretia
519 2190 627 2251 natales
641 2189 751 2252 habent

181 2293 358 2355 semperque
372 2292 480 2353 magno
495 2275 627 2336 constitit
641 2276 722 2337 nasei
738 2276 835 2337 deum.

181 2379 243 2421 nuc.
274 2359 498 2438 Quemcumque
511 2360 653 2421 miserum
667 2360 785 2437 videris,
800 2360 950 2423 hominem
965 2361 1050 2423 seias.

181 2463 268 2506 annu.
295 2444 519 2523 Quemcumque
533 2446 638 2506 fortem
653 2445 770 2521 videris,
786 2446 927 2507 miserum
942 2465 1042 2527 neges.

181 2550 243 2592 nnc.
273 2530 391 2592 Fortem
406 2547 544 2591 vocemus
560 2531 646 2593 euius
661 2549 696 2592 ex
711 2530 821 2593 umeris
840 2531 897 2609 leo,

182 2617 293 2677 donum
308 2614 423 2694 puellae
437 2614 541 2690 iaetus,
561 2623 590 2677 et
604 2615 681 2677 olava
697 2616 805 2679 exeidit
892 2687 895 2693 ¹

182 2701 323 2779 fulsitque
339 2700 451 2780 pictum
466 2709 546 2761 veste
562 2700 684 2763 Sidonia
698 2699 799 2763 latus?

180 2788 288 2847 fortem
303 2803 441 2846 voeemus
456 2785 541 2847 euius
556 2785 714 2848 horrentes
728 2804 828 2849 eomae

183 2872 320 2933 maduere
336 2871 438 2948 nardo,
455 2870 541 2932 laude
556 2872 607 2951 qui
623 2881 708 2933 notas
722 2891 828 2934 manus

64 3004 68 3013 .
181 2957 217 3018 ad
233 2975 293 3018 non
309 2955 421 3016 virilem
437 2957 567 3036 tympani
583 2958 674 3019 movit
687 2976 805 3034 sonum,

183 3042 268 3102 mitra
283 3042 413 3102 lerooem
427 3040 549 3102 barbara
564 3042 692 3104 frontem
708 3038 869 3121 premens?

182 3144 267 3186 euru.
296 3125 362 3187 Non
379 3126 526 3190 erubesoit
540 3126 674 3188 Baoehus
688 3127 798 3188 effusos
814 3135 898 3189 tener

181 3210 325 3290 sparsisse
341 3211 438 3272 crines
453 3230 509 3273 neo
523 3229 612 3273 manu
629 3211 710 3272 molli
724 3212 816 3273 levem

181 3296 295 3356 vibrare
311 3297 455 3375 thyrsum,
472 3313 540 3357 oum
555 3314 658 3376 parum
674 3297 744 3358 forti
764 3297 856 3376 gradu

181 3399 253 3442 auro
270 3379 410 3441 decorum
425 3399 521 3461 syrma
536 3381 688 3443 barbarico
704 3383 805 3444 trahit:

182 3474 249 3547 post
265 3464 355 3527 multa
372 3465 464 3527 virtus
478 3485 568 3546 opera
583 3467 672 3528 laxari
688 3467 771 3530 solet.

181 3571 243 3612 nro.
271 3549 334 3611 lloo
349 3551 453 3631 Euryti
468 3553 577 3613 latetur
591 3554 684 3614 eversi
699 3553 804 3614 domus

266 3722 316 3772 440
339 3734 411 3772 meae
428 3717 477 3770 bae
493 3724 553 3772 sunt
570 3721 596 3777 A
663 3723 712 3774 456
732 3723 855 3772 errantem
873 3717 944 3770 dedit
962 3719 987 3769 A
1008 3718 1101 3771 erranti
1118 3722 1137 3783 ς
1204 3720 1255 3771 454

180 3802 231 3838 non
250 3793 371 3852 monstra,
390 3801 480 3840 saevas
498 3788 523 3838 A
585 3791 635 3842 456
653 3790 847 3856 Amphitryona·
863 3789 1023 3838 continuant
1041 3786 1116 3839 eodd.
1135 3789 1257 3838 eorreoit

181 3854 312 3906 Grreterue
364 3859 415 3908 460
438 3856 509 3923 rupis
527 3871 618 3908 exesae
635 3857 661 3907 A
711 3860 760 3910 461
780 3856 861 3923 pretia
878 3855 985 3907 tantiA
1037 3858 1087 3908 474
1104 3855 1256 3919 vibrasseg

180 3927 230 4038 qli
246 3922 407 4042 parbapiopqu
426 3925 450 3974 A
523 3928 573 3977 477
592 3924 641 3976 boo
659 3925 781 3976 tentantis
798 3922 973 3990 (Teuthrantis
991 3923 1039 3976 hoo
1057 3923 1161 3987 Beli-io)
1179 3925 1199 3987 ς
1216 3923 1252 3985 of.

206 4005 227 4040 o.
261 4006 302 4039 er.
337 4030 345 4057 ,
