2686 4482
347 264 385 305 ua
407 264 631 307 auarausronvur
652 266 869 310 courosrrromc.
1084 254 1141 317 101

95 421 119 475 et
137 416 188 477 651
211 415 319 494 singuli
341 422 485 476 secuntur
505 415 631 477 trimetri
654 435 780 495 quorum
805 426 908 479 natura
923 437 959 480 eo
976 420 1145 499 quempiam

95 499 216 561 inducere
243 499 353 580 possit,
381 509 415 560 ut
443 508 471 560 et
492 499 558 560 illos
584 508 613 561 et
640 502 758 580 priores
779 503 916 565 consulto
939 503 1052 583 positos
1081 524 1145 565 esse

96 583 223 662 opinetur.
266 585 303 646 cl.
327 584 400 645 llar.
423 584 532 645 Victor.
554 605 584 664 p.
609 588 660 662 76,
683 589 712 650 9.
755 587 787 648 iu
808 596 994 651 tetrametros
1015 589 1079 650 bini
1101 590 1145 650 di-

95 669 164 729 metri
184 687 283 730 errore
304 669 457 730 coniuncti
480 678 549 731 sunt
571 669 641 731 Tro.
659 673 698 734 72
714 690 759 750 sq.
781 672 1028 739 acrosancta
1052 677 1102 739 80.

93 802 97 813 .
163 755 336 816 monometri
357 761 471 816 tantum
494 755 524 817 in
548 755 606 817 fine
622 757 727 817 cantici
743 757 936 820 inveniuntur
950 758 1023 838 Thy.
1040 761 1146 822 920—

96 837 152 900 969.
185 839 293 901 Phaed.
316 841 495 904 :sae-357.
532 839 602 901 Tro.
626 843 805 906 roo—735.
846 841 899 903 ΗΟ
925 844 1144 909 coes—1996.

95 922 117 981 id
134 924 155 983 si
175 924 336 986 contendas
358 943 428 986 oasu
449 925 558 986 lactum
581 944 655 1001 esse,
677 926 813 989 librarios
832 928 971 989 nimirum
987 929 1146 1012 continuos

96 1006 214 1069 dimetros
242 1010 398 1088 scripsisse
426 1011 524 1075 donec
549 1018 734 1072 mouumeter
760 1014 790 1073 in
825 1014 885 1074 tine
916 1013 1145 1092 relinqueretur,

95 1091 162 1153 laoile
180 1094 312 1154 concedo
334 1094 362 1154 id
384 1095 447 1154 fieri
465 1095 598 1174 potuisse
617 1104 793 1175 postemque
814 1099 911 1176 ipsum
934 1097 1061 1159 subinde
1084 1116 1145 1159 uon

94 1176 162 1238 aliter
173 1196 234 1239 rem
248 1178 422 1252 instituisse,
444 1189 479 1240 ut
492 1179 545 1239 ΗΟ
564 1181 656 1244 1996.
687 1181 737 1243 sed
756 1182 786 1242 in
804 1183 851 1243 his
867 1201 987 1262 quoque
1001 1185 1147 1245 rationem

93 1261 171 1322 ualere
197 1263 364 1342 exemplum
393 1264 606 1325 demonstrabit
635 1265 720 1344 quale
742 1267 861 1329 Medeae
884 1287 1002 1329 carmen
1025 1269 1147 1348 praebet

95 1347 243 1411 rer-842
267 1348 349 1427 quod
370 1348 413 1409 sio
435 1349 623 1411 terminatur:

276 1432 384 1494 stillent
405 1444 487 1495 ortus
508 1453 625 1515 omenque
645 1438 758 1514 sument

277 1522 425 1598 vincatque
445 1538 512 1580 suus
532 1520 676 1598 &ponte
698 1539 778 1581 coam

277 1620 354 1663 nouo
374 1613 465 1682 nupto
485 1605 572 1681 socos.

277 1696 344 1748 voto
365 1698 515 1749 teneatur:
535 1700 580 1750 ter
601 1689 724 1751 latratus

279 1773 380 1833 cums
400 1771 505 1835 Hecate
527 1775 602 1834 dedit
623 1785 650 1835 et
671 1792 766 1834 sacros

280 1857 368 1918 edidit
388 1861 467 1937 iquos
487 1860 552 1937 [coe
574 1858 717 1938 laetifero.

89 1938 136 1998 ubi
158 1950 220 2018 post
245 1952 466 2003 monometrum
495 1944 547 2022 qui
575 1943 714 2005 carminis
743 1941 837 2020 ipsius
865 1944 1016 2004 materiam
1039 1942 1147 2003 claudit

89 2031 141 2084 tres
160 2025 299 2087 dimetros
321 2027 393 2104 poui
414 2027 495 2088 vides
517 2029 601 2106 quasi
623 2028 772 2108 epilogum
795 2027 992 2089 continentes.

19 2122 20 2125 ’
162 2110 191 2171 in
212 2111 387 2190 quibusdam
410 2113 532 2173 canticis
545 2113 764 2192 frequentiores
778 2114 954 2190 monometri
975 2123 1147 2185 occurrunt,

19 2184 20 2209 ³
89 2193 217 2256 iunullo
245 2196 349 2276 plures
377 2215 464 2274 quam
494 2197 525 2259 in
548 2197 701 2278 Hippolyti
727 2197 842 2258 cantico
864 2195 1025 2260 Phaedram
1047 2197 1148 2277 auspi-

90 2289 178 2341 cante:
200 2300 226 2340 v.
243 2282 295 2343 22.
315 2283 365 2344 38.
390 2284 441 2345 43.
465 2284 516 2343 47.
540 2283 590 2346 80.
615 2285 666 2358 84,
689 2300 792 2343 omnes
807 2281 839 2341 iu
860 2283 921 2343 fine
942 2282 1066 2363 periodi.
1096 2282 1148 2343 sed

19 2430 21 2433 ,
89 2363 110 2423 si
123 2373 341 2445 anapaestorum
358 2385 516 2428 numerum
532 2377 657 2447 spectas,
680 2367 872 2447 parcissimus
887 2376 932 2428 est
947 2375 1149 2429 monometro-
1252 2388 1255 2407 ·

19 2450 21 2503 i
88 2466 146 2509 mm
167 2468 247 2527 usus,
269 2451 415 2530 siquidem
437 2451 469 2513 in
491 2471 596 2514 norem
610 2452 718 2514 sabulis
733 2470 796 2513 non
814 2453 941 2532 amplius
956 2453 1148 2532 quadraginta

19 2532 20 2547 ²
88 2532 284 2610 inveniuntur;
314 2546 417 2598 oontm
445 2538 476 2597 in
500 2536 617 2599 Octavia
647 2537 751 2617 viginti
779 2538 837 2597 duo
867 2556 994 2616 quorum
1023 2544 1090 2598 octo
1116 2537 1147 2596 in

19 2688 21 2697 y
89 2620 173 2681 media
192 2622 338 2682 sententia
360 2621 449 2701 positi
472 2632 560 2683 sunt:
583 2631 617 2683 ut
638 2624 693 2684 hac
715 2640 835 2701 quoque
853 2622 884 2683 in
899 2642 932 2684 re
947 2630 1009 2684 arte
1024 2640 1148 2702 prorsus

19 2754 21 2783 ,
89 2703 188 2766 diversa
209 2705 347 2768 Octaviae
374 2714 526 2768 auctorem
554 2726 641 2769 usum
672 2726 737 2769 esse
764 2707 886 2769 eluceat.
931 2726 997 2768 nam
1020 2706 1147 2768 fabulam

19 2804 20 2809 ’
89 2790 207 2867 quamvis
229 2790 416 2870 interpolatis
437 2800 550 2853 tantum
573 2792 657 2854 libris
679 2801 820 2854 serratam
843 2791 879 2852 ab
901 2793 955 2852 hac
976 2791 1149 2870 quaestione

19 2940 20 2943 Ἴ
88 2892 141 2935 non
162 2883 216 2936 est.
227 2894 282 2937 cur
300 2894 461 2953 arceamus,
483 2895 551 2938 cum
567 2896 606 2938 ne
620 2878 651 2937 in
668 2877 806 2957 genuinis
820 2875 939 2953 quidem
955 2875 1150 2954 interpolator

88 2975 214 3021 ausuum
236 2961 461 3040 dispositionem
484 2962 656 3040 lrequ'enter
678 2960 813 3023 turbarit.

162 3046 260 3125 itaque
289 3047 315 3107 si
335 3046 480 3107 librorum
501 3048 587 3108 fidem
610 3047 778 3125 sequimur,
808 3045 937 3107 carmina
966 3043 1150 3124 anapaestica

19 3150 21 3163 ¹
90 3125 208 3192 dimetris
235 3126 321 3193 uacui
351 3125 462 3210 στίχον
491 3132 625 3193 deductis
654 3130 817 3211 composita
844 3139 914 3191 sunt
940 3129 994 3208 qui
1018 3130 1068 3192 bic
1090 3128 1150 3190 illie

90 3216 330 3289 paroemiaeorum
351 3215 415 3277 viee
431 3217 625 3277 monometris
647 3216 845 3294 excipiuntur.
882 3234 1010 3294 quorum
1032 3216 1063 3276 in
1085 3234 1151 3276 ver-

19 3354 20 3357 ,
90 3314 164 3360 suum
185 3301 266 3362 exitu
288 3299 314 3362 si
331 3300 482 3362 interdum
496 3300 607 3363 hiatum
625 3300 799 3380 syllabamve
813 3299 971 3380 ancipitem
986 3299 1152 3361 admisisset

19 3372 20 3385 ¹
90 3380 162 3447 facile
174 3386 331 3448 ferremus.
362 3394 391 3447 at
405 3386 480 3447 fallit
492 3385 577 3447 ratio.
611 3404 678 3447 uam
703 3386 781 3465 quod
796 3394 842 3446 ter
861 3394 975 3446 tantum
990 3383 1021 3444 in
1036 3392 1150 3464 septem

19 3538 20 3545 y
89 3468 227 3543 prioribus
250 3470 357 3539 sabulis
379 3471 511 3533 accidere
533 3471 668 3545 vidimus,
691 3480 726 3530 ut
746 3469 855 3548 syllaba
872 3469 977 3532 debilis
992 3486 1054 3528 non
1068 3468 1150 3528 finita

19 3554 20 3559 ’
90 3556 224 3617 mutantia
243 3556 275 3616 in
297 3555 426 3625 medium
449 3573 566 3617 versum
588 3554 742 3631 incideret,
765 3554 794 3614 id
816 3555 936 3615 deciens
957 3554 1090 3632 septiens
1111 3553 1151 3612 ita

89 3633 187 3701 lactum
209 3651 271 3712 est,
300 3649 335 3702 ut
356 3640 466 3721 syllaba
488 3659 598 3719 anceps
626 3640 687 3702 sire
714 3638 811 3701 hiatus
839 3639 870 3699 in
892 3640 952 3700 fine
974 3656 1080 3699 sensus
1102 3637 1151 3697 ad·

90 3721 195 3802 mismo,
216 3726 247 3786 id
262 3726 342 3805 quod
366 3744 421 3805 per
442 3745 474 3788 se
489 3725 564 3787 nibil
579 3724 752 3787 offensionis
770 3722 867 3801 babet,
890 3723 1019 3785 medium
1035 3720 1151 3784 dimetri

90 3803 175 3870 locum
197 3817 306 3873 teneat.
344 3829 403 3890 quo
418 3810 449 3871 id
473 3811 590 3889 quidem
619 3809 698 3871 clare
726 3807 864 3883 eflicitur,
877 3809 967 3887 'quod
990 3825 1152 3887 numquam

91 3887 200 3956 dubium
228 3903 307 3970 erat,
336 3894 450 3956 scilieet
477 3896 556 3956 baud
582 3895 685 3975 paucis
712 3892 787 3955 locis
813 3912 830 3954 a
859 3892 943 3954 libris
964 3893 995 3953 in
1017 3892 1150 3955 uersibus

92 3971 272 4043 discribendis
293 3981 492 4042 recedendum
515 3999 590 4042 esse.
628 3979 680 4041 sed
703 3997 741 4039 ne
763 3984 874 4039 temere
896 3978 996 4038 omnia
1010 3995 1087 4055 quae
1100 3977 1151 4035 ad-
