2790 4494
615 262 789 306 Pnonnlssnn

167 414 283 474 adverte
305 421 435 475 mentem
457 447 498 458 -
521 430 603 474 saeva
626 413 794 476 Thebarum
820 414 884 476 lues

166 498 293 559 luctifica
316 498 410 559 caecis
432 498 519 560 verba
542 500 727 560 committens
750 499 844 560 modis

66 597 68 601 ·
167 583 238 663 quid
262 583 355 644 simile
378 581 501 663 posuit?
524 584 595 664 quid
617 591 676 644 tam
698 580 923 646 inextricabile?

167 670 211 730 avi
233 687 326 748 gener
347 669 499 749 patrisque
521 669 618 730 rivalis
640 671 697 745 sui,

166 754 257 814 lrater
279 772 401 814 suorum
425 753 551 815 liberum
573 762 602 815 et
624 754 746 816 fratrum
769 772 893 834 parens;

167 856 228 900 uno
251 840 312 899 avia
335 847 420 918 partu
443 838 552 900 liberos
574 840 691 920 peperit
716 840 788 915 viro,
841 872 850 885 s

167 923 223 985 sibi
246 934 275 986 et
297 933 431 1003 nepotes,
476 934 607 986 monstra
630 925 697 1003 quis
722 931 802 985 tanta
826 923 972 1004 explicat?

167 1027 223 1089 ego
246 1010 319 1089 ipse,
342 1009 433 1071 victae
455 1009 548 1089 spolia
570 1010 621 1088 qui
645 1009 786 1089 Sphingis
808 1010 872 1084 tuli,

87 1162 89 1168 k
166 1094 295 1155 haerebo
317 1093 367 1154 lati
390 1095 491 1155 tardus
514 1094 663 1174 interpres
684 1094 752 1155 mei.

396 1197 413 1233 11
608 1199 627 1232 te

167 1263 238 1343 quid
261 1263 360 1344 perdis
382 1264 458 1325 ultra
481 1259 591 1324 rerba?
613 1263 683 1344 qnid
708 1270 812 1344 pectus
833 1265 930 1326 lerum

166 1348 283 1409 mollire
304 1356 429 1429 temptas
452 1345 615 1428 precibus?
640 1350 697 1409 boc
718 1349 816 1410 animo
839 1350 921 1411 sedet

167 1434 319 1495 effundere
342 1433 418 1494 hanc
441 1452 508 1495 cum
530 1443 627 1495 morte
648 1435 808 1495 luctantem
834 1435 885 1497 diu

167 1519 294 1580 animam
316 1519 504 1580 obtenebras
526 1527 642 1600 petere:
667 1537 735 1580 nam
756 1520 861 1582 sceleri
883 1522 956 1584 baec
977 1540 1044 1586 meo

167 1619 271 1684 parum
295 1603 351 1665 alta
375 1623 434 1665 nox
455 1613 515 1665 est:
540 1605 663 1666 Tartaro
685 1605 772 1666 condi
797 1605 885 1683 iurat,

168 1698 198 1750 at
219 1690 244 1748 si
268 1688 338 1768 quid
362 1690 439 1750 ultra
461 1689 616 1750 Tartarum
640 1698 702 1765 est3
728 1691 846 1751 tandem
867 1692 939 1755 libet

167 1774 246 1852 quod
270 1773 340 1834 olim
363 1782 490 1854 oportet.
535 1781 630 1835 morte
651 1773 803 1855 prohiberi
826 1776 903 1839 hand
927 1796 1014 1858 queo.

167 1858 279 1921 le'rrurn
302 1856 446 1937 negabis?
469 1860 572 1921 noxias
594 1860 677 1940 lapsu
701 1860 761 1920 vias

168 1944 269 2006 eludes
292 1952 320 2005 et
343 1944 414 2005 artis
437 1944 511 2005 oolla
534 1945 648 2023 laqueis
670 1945 762 2006 inseri

167 2027 362 2109 prohibebis?
385 2029 491 2091 herbas
514 2049 589 2109 quae
612 2031 712 2091 lerunt
733 2030 826 2092 letum
848 2030 988 2095 auleres‘l

167 2115 238 2194 quid
260 2115 315 2176 ista
337 2115 453 2176 tandem
478 2132 547 2176 cura
570 2115 705 2196 proficiet
725 2113 798 2177 tua‘l

167 2199 279 2280 ubique
301 2219 382 2261 mors
406 2208 459 2261 est.
504 2208 626 2282 optume
648 2200 706 2260 boc
728 2200 802 2261 cavit
824 2202 911 2264 deust

168 2286 284 2367 eripere
305 2286 392 2346 vitam
416 2304 503 2346 nemo
528 2304 588 2347 non
611 2285 727 2346 homini
749 2294 855 2366 potest,

167 2378 197 2431 at
219 2389 307 2432 nemo
330 2378 469 2447 mortem3
491 2370 572 2431 mille
594 2371 629 2432 ad
652 2371 729 2432 banc
750 2372 847 2434 aditus
870 2379 980 2452 patent.

124 2521 126 2524 ,
167 2455 211 2516 nil
234 2473 359 2536 quaero:
384 2455 484 2516 dextra
507 2464 608 2518 noster
630 2463 659 2517 et
681 2456 760 2518 nuda
781 2456 857 2519 solet

167 2540 244 2602 bene
266 2541 383 2602 animus
405 2541 448 2602 uti
473 2574 510 2584 -
536 2543 645 2615 dextra,
669 2560 752 2602 nunc
773 2551 836 2605 toto
857 2544 981 2625 impetu,

167 2633 231 2686 toto
255 2625 366 2701 dolore,
389 2625 499 2687 viribus
522 2627 591 2688 totis
613 2627 690 2687 reni.

169 2729 229 2771 non
254 2710 370 2772 destino
392 2728 486 2772 unum
508 2711 624 2773 vulneri
646 2720 749 2771 nostro
772 2710 888 2775 locum:

168 2803 248 2857 totus
271 2814 383 2857 nocens
405 2815 486 2857 sum:
511 2815 569 2876 qua
590 2796 671 2857 voles
692 2803 817 2856 mortem
840 2797 932 2876 exige.

169 2880 293 2960 ellringe
314 2887 419 2961 pectus
442 2899 554 2960 corque
576 2889 621 2943 tot
642 2880 786 2941 scelerum
810 2898 901 2960 capax

170 2965 269 3039 evelle,
292 2973 370 3026 totos
392 2966 538 3027 viscerum
561 2967 640 3027 nuda
662 2965 756 3026 sinus.

168 3052 294 3112 fractum
317 3051 445 3112 incitatis
467 3050 576 3113 ictibus
599 3058 701 3130 guttur
723 3056 810 3111 sonet

168 3136 341 3214 laceraeque
363 3136 428 3197 fixis
451 3136 602 3214 unguibus
624 3154 714 3198 venae
739 3135 841 3196 fluant.

169 3230 220 3281 aut
241 3220 335 3299 dirige
356 3219 415 3281 iras
437 3239 497 3300 quo
519 3221 612 3283 soles:
636 3222 709 3282 haec
730 3221 851 3282 vulnera

169 3304 294 3366 rescissa
316 3305 409 3366 multo
432 3305 633 3385 sanguineae
655 3307 721 3371 tabe
742 3306 848 3385 inriga,

168 3390 224 3451 bac
244 3390 365 3451 extrahe
386 3390 514 3461 animam
536 3391 649 3463 duram,
673 3389 942 3470 inexpugnabilem.

169 3485 199 3537 et
220 3483 263 3547 tu,
286 3484 405 3557 parens,
428 3475 609 3555 ubicumque
633 3494 795 3555 poenarum
819 3475 929 3538 arbiter

167 3561 267 3621 adstas
288 3578 419 3621 mearum
441 3579 568 3633 ——non
592 3561 982 3638 egoboctantunrscelus
1045 3626 1048 3631 ,
1126 3540 1128 3543 ’

169 3645 229 3705 ulla
251 3644 364 3725 expiari
384 3645 494 3706 credidi
516 3662 614 3726 poena
635 3645 705 3707 satis

169 3744 374 3759 *unqu-

256 3797 304 3847 1³7
323 3809 353 3847 ac
370 3795 418 3848 sibi
436 3796 470 3848 A.
490 3822 521 3835 «-
540 3795 651 3863 explicet
666 3796 690 3847 Α
749 3797 796 3847 139
814 3792 1018 3861 haereboqueb'
1073 3798 1134 3860 port
1151 3809 1174 3844 v.
1194 3793 1244 3846 139

166 3878 222 3913 non
248 3867 304 3914 tem
322 3866 419 3914 omisca
438 3864 595 3928 Antigonae
611 3867 714 3929 oratio,
737 3867 769 3913 ot
784 3867 881 3913 statuit
897 3861 1037 3926 Swoborla,
1073 3870 1136 3912 cnm
1155 3863 1245 3912 hiatur

167 3947 185 3981 c
201 3937 282 3998 pocta
300 3930 409 3985 relictus
448 3928 519 3984 'tlt
537 3931 612 3998 lapso
627 3931 653 3982 A
715 3934 763 3983 154
780 3930 859 3982 nichil
876 3929 901 3980 n*
963 3931 1042 3982 1590
1075 3929 1133 3997 ’nge
1151 3944 1246 3998 corpus

168 3999 245 4051 codd.
266 3996 566 4052 correoeitlllllcc'me'os
576 3999 671 4066 adop.
681 4001 715 4052 51
771 4001 818 4053 161
836 3999 1007 4052 luceracveA
1060 4001 1108 4053 16⁸
1127 3998 1247 4065 poeneb'
