2720 4488
220 499 317 561 solum
339 497 500 578 relinquat:
523 515 591 560 vere
612 498 744 560 florifero
758 421 864 560 seirenae
912 458 921 489 ’

218 582 367 663 reparabit
387 582 504 654 herhas,
525 582 649 662 spiritus
670 601 764 663 purus
785 583 864 645 dabit

219 668 315 730 vitalis
336 686 417 744 aare,
438 665 537 730 veniet
557 674 587 730 et
607 668 689 729 silvis
710 668 815 744 deeor3

221 754 326 815 Letum
348 753 497 832 Luesque,
519 751 600 814 Mors
622 752 719 814 labor
738 751 835 814 Tabes
856 752 957 830 Dolor,

219 838 376 901 comitatus
396 837 447 899 illo
470 837 588 917 dignus,
611 837 753 899 excedent
773 838 879 913 simul;

220 932 250 986 et
270 925 335 1003 ipse
356 923 468 1004 rapidis
490 922 641 1000 gressibus
662 922 747 984 sedes
768 922 848 986 velet

220 1009 351 1089 effugere
373 1016 498 1082 nostras,
521 1007 573 1068 sed
597 1025 698 1086 graves
720 1007 846 1087 pedibus
867 1026 967 1071 moras

220 1094 322 1155 Mam
345 1100 375 1155 et
395 1091 519 1154 tenebo:
543 1102 628 1172 repet
648 1092 780 1154 ineertus
801 1092 874 1170 viae,

199 1178 325 1240 baculo
347 1176 435 1240 senili
455 1176 541 1239 triste
562 1184 781 1267 praetemptans
802 1177 879 1240 itere

220 1263 328 1342 eripite
349 1269 459 1337 terras,
481 1262 612 1323 auferam
634 1261 748 1324 eaelum
769 1263 873 1342 pater?

220 1367 286 1410 orn.
330 1347 370 1408 Et
391 1365 457 1409 ossa
479 1357 509 1408 et
530 1355 612 1409 artus
634 1346 749 1426 gelidus
771 1347 877 1409 invasit
898 1358 1024 1411 tremorz

220 1432 364 1513 quidquid
386 1431 524 1494 timebam
545 1433 644 1493 faeere
665 1433 772 1494 leeisse
792 1450 905 1512 arguor
922 1465 983 1487 -.

219 1519 278 1580 turi
300 1516 408 1597 iugalis
429 1516 533 1579 abnuit
553 1515 676 1596 Merope
698 1518 792 1593 nefas,

219 1603 329 1684 sociata
350 1601 478 1684 Polyb03
500 1620 604 1681 sospes
625 1601 749 1664 absolvit
770 1620 877 1664 manus

219 1687 349 1770 Polybus
370 1705 465 1750 meast
488 1694 616 1767 uterque
636 1686 768 1749 defendit
788 1705 897 1767 parens

220 1773 340 1835 eaedem
362 1783 570 1855 stuprumque.
615 1771 682 1851 quis
703 1772 789 1834 loeus
810 1772 917 1852 culpae
937 1768 1119 1852 estsuper?

220 1858 314 1920 multo
335 1867 404 1921 ente
424 1857 543 1920 Thebae
563 1855 668 1918 Laium
689 1856 831 1919 amissum
854 1866 987 1936 gemunt,

219 1943 329 2005 boeota
344 1960 456 2023 gressu
479 1960 567 2022 wem
589 1944 655 2004 meo
676 1942 760 2022 tetigi
781 1942 855 2005 loca.

219 2028 352 2090 falsusne
372 2028 474 2090 senior
495 2046 533 2089 an
557 2026 631 2089 deus
652 2026 762 2089 Thebis
784 2024 901 2105 gravis?
922 2062 965 2074 —

146 2173 149 2179 ,
220 2114 277 2174 iam
299 2113 357 2175 iam
378 2121 515 2181 tenemus
537 2110 634 2172 eallidi
656 2111 754 2174 sosius
776 2111 852 2174 doli:

219 2199 363 2260 mentitur
384 2197 439 2260 ista
460 2197 632 2279 praeferens
653 2197 749 2259 fraudi
772 2196 844 2259 deos

218 2291 309 2358 vates,
329 2281 445 2361 tibique
466 2288 581 2361 sceptra
603 2281 769 2361 despondet
790 2300 865 2344 mea.

219 2385 265 2429 aa.
329 2366 434 2446 Egone
454 2374 488 2428 ut
508 2383 642 2427 sororem
664 2366 744 2444 regia
766 2365 873 2448 expelli
893 2361 1003 2428 velim?

219 2452 245 2515 si
266 2469 315 2525 me
336 2451 409 2513 tides
429 2458 541 2513 saerata
562 2451 680 2530 cognati
701 2451 773 2512 laris

219 2555 281 2599 nen
304 2535 472 2599 contineret
492 2535 524 2597 in
545 2553 613 2597 meo
634 2544 749 2598 eertum
770 2544 863 2599 statu:

218 2632 318 2685 tamen
339 2622 403 2703 ipsa
424 2636 473 2682 me
494 2621 615 2682 lertuna
634 2629 760 2684 terreret
780 2621 868 2682 nimis
887 2629 890 2637 '

219 2706 345 2769 sollicita
366 2724 493 2786 semper.
537 2705 624 2767 lineat
644 2705 703 2767 hoe
723 2713 789 2769 tuto
809 2704 866 2766 tibi
942 2752 946 2759 .

219 2810 327 2855 exuere
348 2791 466 2873 pondus
491 2809 548 2853 nee
568 2790 756 2853 recedentem
778 2789 943 2872 opprimata
994 2786 1003 2803 ⁸

218 2878 276 2940 iam
299 2885 328 2938 te
349 2876 465 2938 minure
486 2877 582 2939 tutior
602 2894 698 2955 pones
719 2876 797 2939 loeo.

220 2981 286 3023 ean.
330 2960 464 3023 Horuris
486 2961 584 3037 etiam,
606 2970 714 3041 sponte
736 2961 882 3041 deponam
904 2966 939 3021 ut
958 2977 1024 3021 mea

70 3076 84 3123 ;
218 3056 278 3109 tam
299 3046 397 3124 gravia
418 3043 532 3125 regua?
576 3064 622 3107 oa.
666 3047 810 3108 Suadeam
832 3043 969 3107 bacillis
991 3062 1058 3124 ego,

50 3126 68 3204 ζ’
82 3134 87 3153 ¹
101 3142 149 3203 Ὺ.
218 3131 250 3193 in
273 3141 434 3215 utrumque
455 3130 523 3210 quis
545 3138 591 3193 est
610 3130 687 3192 liber
708 3130 869 3193 mamnum
891 3137 999 3192 datust

43 3240 47 3255 ·
101 3217 186 3249 '‘⁴''
217 3215 272 3280 tibi
293 3216 351 3277 iam
373 3234 496 3278 neeesse
517 3224 563 3278 est
583 3215 662 3276 ferre
682 3216 833 3281 iomanem
854 3225 945 3277 tuam.

159 3310 170 3327 ”
219 3320 285 3363 ean.
331 3299 499 3363 Certissima
521 3309 566 3363 eet
585 3299 866 3380 regnmeeupienti
889 3300 934 3361 ris

218 3386 338 3450 laudere
357 3385 473 3482 modica
495 3393 525 3447 et
545 3384 648 3478 otium·
660 3403 695 3446 ae
716 3402 855 3448 somnum
875 3383 976 3464 loqui3

220 414 297 492 agite
320 413 436 476 exulem
458 430 648 493 quocumque
669 364 759 476 iuriis

304 3588 354 3640 646
372 3600 531 3655 mecumque
546 3588 567 3650 ς
584 3585 620 3648 er.
637 3585 664 3650 1,
681 3585 733 3638 223
801 3587 852 3639 649
868 3585 996 3652 relinquet
1012 3581 1062 3635 ΕΑ
1080 3590 1182 3649 συνῆς
1237 3587 1286 3638 666

217 3659 317 3724 repetet
333 3654 383 3706 EA
398 3658 483 3722 reptet
499 3658 520 3719 ς
537 3669 607 3708 sorr.
624 3658 645 3719 ς
661 3655 705 3719 (D.
722 3654 857 3719 dunum)
930 3654 981 3706 666
998 3651 1136 3724 praeripite
1152 3653 1178 3703 A
1237 3654 1285 3705 662

218 3725 315 3778 sociato
331 3722 365 3775 Ε.
382 3750 416 3761 -
432 3722 551 3775 absolvet
566 3721 592 3772 a
665 3722 715 3776 676
733 3736 766 3773 ae
782 3737 833 3775 ree.
850 3721 875 3772 A
943 3722 993 3774 679
1010 3734 1067 3772 cur.
1085 3724 1138 3772 tam
1156 3734 1194 3786 gr.
1210 3733 1286 3786 regua

217 3806 307 3845 eresua
323 3790 398 3843 mam
415 3791 441 3841 ll
510 3792 561 3844 686
579 3789 624 3857 qui
646 3805 675 3843 se
697 3790 786 3842 subter
807 3788 947 3842 etiamnum
964 3789 989 3840 Ε
1005 3805 1030 3856 q.
1048 3802 1071 3839 e
1088 3788 1106 3841 1.
1129 3787 1205 3841 etiam
1221 3801 1286 3839 nune

218 3860 251 3911 Α.
274 3888 309 3898 -
330 3863 426 3912 status:
450 3859 537 3910 altera
561 3861 625 3908 aee
646 3873 671 3909 m
693 3859 758 3910 tna.
777 3857 802 3909 Ε
878 3859 928 3911 661
952 3857 999 3908 tibi
1019 3856 1181 3922 etiamsed
1200 3857 1285 3907 etin·

219 3927 368 4043 dueatur.
386 3926 411 3978 Ε
496 3927 546 3978 662
564 3924 616 3988 via]
634 3941 685 3978 vex
702 3925 728 3976 Ε
812 3927 862 3978 683
880 3930 907 3978 et
924 3925 1016 3977 tatium
1034 3924 1067 3977 ll.
1089 3953 1123 3965 -
1146 3938 1225 3977 summ
1245 3937 1284 3976 se·

216 4007 262 4057 qm
