2790 4494
200 193 242 257 58
585 212 612 252 n.
635 211 740 255 asueni
762 213 889 256 senecas

199 354 356 443 brevisque
378 363 464 425 fessis
486 381 610 423 somnus
632 363 763 445 obrepsit
784 366 971 445 genistst
991 401 1077 437 un„

199 448 225 510 si
247 466 371 509 somnus
392 447 441 510 iile
464 456 509 509 est
529 449 637 510 mentis
658 449 797 511 attonitae
820 458 940 531 stuporz
966 490 974 504 κ

199 552 267 596 cum
290 533 388 595 subito
413 540 530 595 nostros
553 533 662 596 Hector
684 543 752 596 ante
774 535 877 598 oculos
900 539 989 616 stetit,

200 637 261 681 non
283 619 379 698 qualis
401 618 479 680 uitro
502 618 576 680 belia
599 619 629 681 in
654 619 775 699 Argivos
797 620 896 683 ierens

200 704 301 767 Graias
323 704 443 785 petebat
466 704 578 766 facibus
599 704 693 768 Idaeis
716 713 802 781 rates,

199 808 255 852 nec
277 790 365 852 caede
386 789 478 851 multa
500 789 595 870 qualis
617 790 647 851 in
672 790 786 852 Danaos
809 793 912 854 furens
997 860 1001 867 4

197 892 266 936 rora
288 894 324 937 ex
347 875 460 937 Achille
482 876 575 955 spolia
598 875 734 936 simulato
757 876 833 952 tulit,
859 875 1019 953 ’auita-o

199 978 260 1021 non
282 960 332 1022 ille
353 960 452 1022 vultus
474 961 641 1022 flammeum
664 961 824 1023 intendens
846 960 941 1039 iubar,

196 1045 250 1107 sed
272 1046 368 1106 fessus
390 1064 424 1106 ac
446 1045 577 1107 deiectus
600 1055 629 1107 et
650 1046 721 1107 fletis
744 1047 839 1129 gravis

197 1129 361 1209 similisque
383 1138 496 1206 nostro,
519 1130 652 1211 squalida
673 1130 811 1194 obtectus
834 1151 926 1194 coma.

198 1216 277 1277 iuvat
298 1221 396 1277 tamen
418 1215 538 1289 vidisse;
568 1225 631 1277 turn
653 1234 796 1296 quassans
819 1225 922 1298 caput:

195 1299 332 1380 ‘dispelle
353 1300 483 1362 somnos'
505 1301 604 1380 inquit
625 1306 666 1363 ‘et
688 1309 789 1364 natum
812 1304 903 1382 eripe,

197 1404 215 1445 o
238 1385 294 1446 tida
317 1385 462 1446 coniunx:
489 1384 586 1460 lateat,
609 1388 682 1448 haec
705 1405 763 1448 una
786 1398 832 1448 est
853 1388 940 1448 satus.

196 1471 299 1533 omitte
321 1471 408 1532 fletus
432 1505 473 1516 —
494 1471 684 1557 Troiaquod
708 1473 813 1534 cecidit
836 1470 950 1551 gemis?

197 1556 309 1618 utinam
331 1556 440 1618 iaceret
462 1564 531 1619 tota.
574 1557 691 1633 festina,
714 1575 815 1619 amove

197 1659 387 1722 quocumque
410 1648 528 1703 nostrae
549 1643 701 1722 parvulam
713 1642 846 1723 stirpem
869 1644 993 1705 domus!

196 1728 268 1791 mihi
291 1727 407 1807 gelidus
427 1727 535 1789 horror
557 1746 591 1789 ac
612 1737 726 1790 tremor
746 1745 883 1789 somnum
907 1728 1028 1809 expulit,

196 1812 360 1893 oculosque
383 1830 465 1874 nunc
486 1813 546 1874 hue
567 1813 679 1893 pavida,
703 1831 785 1875 nunc
807 1813 877 1874 iiluc
899 1814 999 1876 terens

196 1898 286 1961 oblita
308 1898 369 1960 nati
392 1897 498 1959 misera
520 1899 650 1977 quaesivi
673 1897 845 1961 Hectorem:

196 1985 282 2047 fallax
303 2001 358 2064 per
379 1983 460 2063 ipsos
482 1983 586 2045 umbra
608 1983 781 2063 complexus
805 1982 873 2046 abit.

282 2070 307 2132 Ο
331 2076 408 2145 nate,
431 2069 529 2147 magni
552 2077 632 2130 certa
654 2070 813 2151 progenies
835 2070 937 2150 patris,

196 2174 265 2237 spes
286 2173 346 2215 una
369 2153 545 2234 Phrygibus,
568 2154 657 2215 unica
679 2155 801 2216 afflictae
823 2155 939 2229 domus,

195 2240 360 2320 veterisque
382 2238 501 2300 suboles
523 2240 677 2316 sanguinis
700 2239 824 2307 nimium
846 2239 941 2303 incliti

197 2326 381 2403 nimiumque
403 2323 479 2403 patri
501 2323 620 2384 similis:
644 2324 698 2384 hos
721 2325 818 2386 vultus
840 2342 925 2386 meus

196 2408 320 2471 habebat
342 2407 461 2483 Hector,
483 2408 549 2469 talis
571 2409 689 2469 incessu
716 2409 770 2470 tuit

195 2495 356 2574 habituque
377 2492 453 2568 tntis,
476 2494 520 2554 sie
541 2493 609 2555 tulit
630 2494 722 2555 fortes
744 2511 859 2565 manus,

194 2582 238 2643 sic
260 2579 357 2642 celsus
378 2577 499 2658 umeris,
522 2578 620 2640 fronte
642 2579 685 2641 sic
706 2587 787 2640 torva
809 2580 907 2641 minax

196 2666 308 2728 cervice
333 2666 426 2725 tusam
449 2663 596 2744 dissipans
619 2665 692 2726 iacta
715 2683 828 2731 comam
849 2699 892 2710 —

195 2758 302 2813 onate
325 2767 391 2811 sero
415 2747 591 2829 Phrygibus,
614 2768 632 2810 o
654 2751 740 2811 matri
763 2750 832 2826 cito,

195 2837 290 2899 eritne
313 2843 431 2915 tempus
453 2834 526 2896 iliud
548 2854 583 2896 ac
604 2835 672 2897 felix
695 2836 757 2898 dies

195 2940 254 3003 quo
277 2921 376 2982 Troici
398 2919 538 2982 defensor
560 2928 589 2982 et
609 2919 716 2983 vindex
738 2919 793 2981 soli

193 3006 320 3069 rediviva
341 3023 435 3086 ponas
456 3004 598 3085 Pergama
620 3013 649 3068 et
671 3024 790 3087 sparsos
812 3006 881 3084 iuga

193 3092 272 3153 cives
293 3091 428 3166 reducas,
454 3108 563 3152 nomen
587 3100 616 3152 et
636 3093 747 3172 patriae
770 3101 858 3152 suurn

193 3175 419 3255 Phrygibusque
441 3174 567 3236 reddas?
610 3177 663 3237 sed
683 3177 741 3238 nrei
763 3174 815 3236 fati
840 3192 954 3236 memor

193 3270 252 3323 tarn
274 3278 380 3340 magna
401 3259 490 3321 tinreo
512 3268 577 3323 vota
597 3294 641 3306 -
663 3261 743 3341 quod
764 3254 858 3340 captis
879 3266 924 3321 sat
946 3268 999 3332 est,

193 3348 332 3408 vivamus.
376 3346 435 3407 beu
457 3364 514 3423 nie,
538 3345 605 3427 quis
626 3346 710 3407 locus
732 3345 809 3406 fidus
831 3364 897 3407 meo

193 3433 249 3494 erit
271 3432 369 3494 timori
392 3446 484 3512 quave
506 3439 535 3513 te
557 3432 626 3493 sede
652 3428 808 3493 coculam?

192 3537 244 3580 arx
265 3517 314 3579 ilia
335 3517 453 3597 poliens
475 3516 583 3597 opibus
605 3526 635 3581 et
654 3517 748 3578 muris
772 3518 869 3591 deum,
974 3524 976 3529 ’

193 3637 398 3649 α--ι-ι

278 3690 328 3743 tou
346 3684 424 3738 caede
440 3687 516 3736 vasta
533 3684 565 3741 A.
584 3714 617 3727 «-
635 3683 764 3750 Παπαῖος
832 3686 883 3738 448
904 3682 1081 3748 ἰυεοιιᾱευες
1127 3686 1199 3748 Ι452
1222 3682 1267 3736 de-

193 3754 302 3824 pellet
361 3757 410 3807 457
430 3753 570 3813 excutitA
621 3756 672 3807 462
690 3768 750 3821 spes
769 3753 821 3805 vita
841 3751 936 3817 Ρ1π.ς
988 3753 1037 3806 468
1055 3752 1108 3805 lata
1125 3753 1268 3813 comamd

193 3825 243 3877 469
261 3838 277 3874 o
296 3822 410 3877 seeundo
429 3822 486 3873 loeo
506 3837 557 3874 om.
576 3825 595 3887 ς
629 3828 657 3874 at
674 3822 748 3873 matri
765 3825 784 3885 ς
836 3822 890 3887 472
906 3818 1016 3872 recidiva
1036 3820 1110 3870 A.-
1128 3819 1269 3889 poenosE

193 3893 242 3970 473
255 3891 345 4007 ἕως
363 3906 381 3942 u
399 3907 433 3943 ecc
450 3904 464 3941 a
486 3891 541 3943 lm.
563 3892 585 3943 H
636 3893 687 3942 474
706 3890 873 3955 Prigibusque
890 3888 920 3941 Ε.
939 3916 973 3928 ·-
991 3888 1122 3941 immemor
1139 3889 1164 3941 A
1216 3892 1267 3947 476

192 3972 237 4023 qur
