<?xml version="1.0" encoding="UTF-8"?>
<!DOCTYPE html PUBLIC "-//W3C//DTD XHTML 1.0 Transitional//EN"
    "http://www.w3.org/TR/xhtml1/DTD/xhtml1-transitional.dtd">
<html xmlns="http://www.w3.org/1999/xhtml" xml:lang="en" lang="en">
 <head>
  <title>
</title>
<meta http-equiv="Content-Type" content="text/html;charset=utf-8" />
  <meta name='ocr-system' content='tesseract 3.04.00' />
  <meta name='ocr-capabilities' content='ocr_page ocr_carea ocr_par ocr_line ocrx_word'/>
</head>
<body>
  <div class='ocr_page' id='page_1' title='image "./lannaeisenecaet00leogoog_0433.png"; bbox 0 0 2720 4488; ppageno 0'>
   <div class='ocr_carea' id='block_1_1' title="bbox 792 110 800 145">
    <p class='ocr_par' dir='ltr' id='par_1_1' title="bbox 792 110 800 145">
     <span class='ocr_line' id='line_1_1' title="bbox 792 110 800 145; baseline 0 0"><span class='ocrx_word' id='word_1_1' title='bbox 792 110 800 145; x_wconf 88' lang='lat' dir='ltr'><strong>l</strong></span> 
     </span>
    </p>
   </div>
   <div class='ocr_carea' id='block_1_2' title="bbox 172 214 858 283">
    <p class='ocr_par' dir='ltr' id='par_1_2' title="bbox 172 214 858 283">
     <span class='ocr_line' id='line_1_2' title="bbox 172 214 858 283; baseline 0 -2"><span class='ocrx_word' id='word_1_2' title='bbox 172 214 234 283; x_wconf 80' lang='lat'>&#39;148</span> <span class='ocrx_word' id='word_1_3' title='bbox 553 238 580 279; x_wconf 83' lang='lat' dir='ltr'><strong>n.</strong></span> <span class='ocrx_word' id='word_1_4' title='bbox 604 237 709 280; x_wconf 75' lang='lat' dir='ltr'><strong>auram</strong></span> <span class='ocrx_word' id='word_1_5' title='bbox 731 237 858 281; x_wconf 77' lang='lat' dir='ltr'><strong>snuncnn</strong></span> 
     </span>
    </p>
   </div>
   <div class='ocr_carea' id='block_1_3' title="bbox 173 387 966 725">
    <p class='ocr_par' dir='ltr' id='par_1_3' title="bbox 173 387 870 637">
     <span class='ocr_line' id='line_1_3' title="bbox 173 387 870 467; baseline 0.001 -18"><span class='ocrx_word' id='word_1_6' title='bbox 173 406 258 467; x_wconf 80' lang='lat' dir='ltr'><strong>seges</strong></span> <span class='ocrx_word' id='word_1_7' title='bbox 280 387 328 450; x_wconf 92' lang='lat' dir='ltr'><strong>illa</strong></span> <span class='ocrx_word' id='word_1_8' title='bbox 352 405 492 467; x_wconf 81' lang='lat' dir='ltr'><strong>magnum</strong></span> <span class='ocrx_word' id='word_1_9' title='bbox 515 388 601 459; x_wconf 82' lang='lat' dir='ltr'><strong>lenus</strong></span> <span class='ocrx_word' id='word_1_10' title='bbox 623 388 769 466; x_wconf 83' lang='lat' dir='ltr'>agricolae</span> <span class='ocrx_word' id='word_1_11' title='bbox 791 389 870 450; x_wconf 88' lang='lat' dir='ltr'><strong>dabit</strong></span> 
     </span>
     <span class='ocr_line' id='line_1_4' title="bbox 175 473 859 553; baseline 0.003 -19"><span class='ocrx_word' id='word_1_12' title='bbox 175 490 380 553; x_wconf 90' lang='lat' dir='ltr'><strong>quaecumque</strong></span> <span class='ocrx_word' id='word_1_13' title='bbox 402 473 485 534; x_wconf 88' lang='lat' dir='ltr'><strong>laetis</strong></span> <span class='ocrx_word' id='word_1_14' title='bbox 507 481 609 534; x_wconf 90' lang='lat' dir='ltr'><strong>tenera</strong></span> <span class='ocrx_word' id='word_1_15' title='bbox 631 473 759 552; x_wconf 53' lang='lat' dir='ltr'><strong>luguriat</strong></span> <span class='ocrx_word' id='word_1_16' title='bbox 780 475 859 553; x_wconf 85' lang='lat' dir='ltr'><strong>sutis,</strong></span> 
     </span>
     <span class='ocr_line' id='line_1_5' title="bbox 174 557 838 637; baseline 0.002 -18"><span class='ocrx_word' id='word_1_17' title='bbox 174 557 322 637; x_wconf 82' lang='lat' dir='ltr'><strong>arborque</strong></span> <span class='ocrx_word' id='word_1_18' title='bbox 345 558 425 620; x_wconf 85' lang='lat' dir='ltr'><strong>celse</strong></span> <span class='ocrx_word' id='word_1_19' title='bbox 447 558 692 621; x_wconf 86' lang='lat' dir='ltr'><strong>verticeevincet</strong></span> <span class='ocrx_word' id='word_1_20' title='bbox 714 563 838 620; x_wconf 62' lang='lat' dir='ltr'><strong>nemus»</strong></span> 
     </span>
    </p>

    <p class='ocr_par' dir='ltr' id='par_1_4' title="bbox 173 642 966 725">
     <span class='ocr_line' id='line_1_6' title="bbox 173 642 966 725; baseline 0.003 -21"><span class='ocrx_word' id='word_1_21' title='bbox 173 661 261 722; x_wconf 89' lang='lat' dir='ltr'><strong>quam</strong></span> <span class='ocrx_word' id='word_1_22' title='bbox 285 662 346 704; x_wconf 89' lang='lat' dir='ltr'><strong>nen</strong></span> <span class='ocrx_word' id='word_1_23' title='bbox 368 642 495 725; x_wconf 79' lang='lat' dir='ltr'><strong>maligna</strong></span> <span class='ocrx_word' id='word_1_24' title='bbox 518 642 613 707; x_wconf 87' lang='lat' dir='ltr'><strong>caedit</strong></span> <span class='ocrx_word' id='word_1_25' title='bbox 634 653 685 705; x_wconf 91' lang='lat' dir='ltr'><strong>aut</strong></span> <span class='ocrx_word' id='word_1_26' title='bbox 706 652 821 706; x_wconf 78' lang='lat' dir='ltr'><strong>resecat</strong></span> <span class='ocrx_word' id='word_1_27' title='bbox 843 662 966 708; x_wconf 86' lang='lat' dir='ltr'><strong>manus:</strong></span> 
     </span>
    </p>
   </div>
   <div class='ocr_carea' id='block_1_4' title="bbox 64 727 1050 3539">
    <p class='ocr_par' dir='ltr' id='par_1_5' title="bbox 64 727 1050 3539">
     <span class='ocr_line' id='line_1_7' title="bbox 175 727 932 807; baseline 0.003 -18"><span class='ocrx_word' id='word_1_28' title='bbox 175 727 292 807; x_wconf 75' lang='lat' dir='ltr'><strong>ingenia</strong></span> <span class='ocrx_word' id='word_1_29' title='bbox 314 728 422 789; x_wconf 91' lang='lat' dir='ltr'><strong>melius</strong></span> <span class='ocrx_word' id='word_1_30' title='bbox 444 735 523 790; x_wconf 87' lang='lat' dir='ltr'><strong>recta</strong></span> <span class='ocrx_word' id='word_1_31' title='bbox 546 747 578 789; x_wconf 90' lang='lat' dir='ltr'><strong>se</strong></span> <span class='ocrx_word' id='word_1_32' title='bbox 600 729 630 789; x_wconf 90' lang='lat' dir='ltr'><strong>iu</strong></span> <span class='ocrx_word' id='word_1_33' title='bbox 654 728 755 790; x_wconf 88' lang='lat' dir='ltr'><strong>laudes</strong></span> <span class='ocrx_word' id='word_1_34' title='bbox 777 729 888 806; x_wconf 86' lang='lat' dir='ltr'><strong>ierunt,</strong></span> <span class='ocrx_word' id='word_1_35' title='bbox 927 790 932 802; x_wconf 82' lang='grc'><strong>,</strong></span> 
     </span>
     <span class='ocr_line' id='line_1_8' title="bbox 173 804 961 909; baseline 0.003 -35"><span class='ocrx_word' id='word_1_36' title='bbox 173 814 199 874; x_wconf 94' lang='lat' dir='ltr'><strong>si</strong></span> <span class='ocrx_word' id='word_1_37' title='bbox 221 812 351 874; x_wconf 87' lang='lat' dir='ltr'><strong>nubilem</strong></span> <span class='ocrx_word' id='word_1_38' title='bbox 374 813 505 875; x_wconf 87' lang='lat' dir='ltr'><strong>animum</strong></span> <span class='ocrx_word' id='word_1_39' title='bbox 525 811 625 909; x_wconf 58' lang='lat' dir='ltr'><strong>reQa</strong></span> <span class='ocrx_word' id='word_1_40' title='bbox 649 813 769 876; x_wconf 90' lang='lat' dir='ltr'><strong>libertas</strong></span> <span class='ocrx_word' id='word_1_41' title='bbox 791 804 961 876; x_wconf 56' lang='lat' dir='ltr'><strong>alitam</strong></span> 
     </span>
     <span class='ocr_line' id='line_1_9' title="bbox 64 880 857 975; baseline -0.005 -11"><span class='ocrx_word' id='word_1_42' title='bbox 64 880 147 964; x_wconf 45' lang='lat' dir='ltr'><strong>chaleb</strong></span> <span class='ocrx_word' id='word_1_43' title='bbox 174 898 363 975; x_wconf 76' lang='lat' dir='ltr'><strong>truculentus</strong></span> <span class='ocrx_word' id='word_1_44' title='bbox 385 906 415 960; x_wconf 93' lang='lat' dir='ltr'><strong>et</strong></span> <span class='ocrx_word' id='word_1_45' title='bbox 436 899 569 959; x_wconf 83' lang='lat' dir='ltr'><strong>silvester</strong></span> <span class='ocrx_word' id='word_1_46' title='bbox 592 917 626 959; x_wconf 90' lang='lat' dir='ltr'><strong>ac</strong></span> <span class='ocrx_word' id='word_1_47' title='bbox 647 899 721 960; x_wconf 85' lang='lat' dir='ltr'><strong>vitae</strong></span> <span class='ocrx_word' id='word_1_48' title='bbox 744 899 857 961; x_wconf 90' lang='lat' dir='ltr'><strong>inscius</strong></span> 
     </span>
     <span class='ocr_line' id='line_1_10' title="bbox 174 982 1004 1046; baseline -0.006 -2"><span class='ocrx_word' id='word_1_49' title='bbox 174 982 288 1044; x_wconf 77' lang='lat' dir='ltr'><strong>tristem</strong></span> <span class='ocrx_word' id='word_1_50' title='bbox 310 982 457 1045; x_wconf 84' lang='lat' dir='ltr'><strong>iuventam</strong></span> <span class='ocrx_word' id='word_1_51' title='bbox 480 983 594 1045; x_wconf 85' lang='lat' dir='ltr'><strong>Venere</strong></span> <span class='ocrx_word' id='word_1_52' title='bbox 616 984 731 1045; x_wconf 87' lang='lat' dir='ltr'><strong>deserta</strong></span> <span class='ocrx_word' id='word_1_53' title='bbox 754 983 858 1046; x_wconf 87' lang='lat' dir='ltr'><strong>colesl</strong></span> <span class='ocrx_word' id='word_1_54' title='bbox 1002 1034 1004 1039; x_wconf 90' lang='lat'><em>.</em></span> 
     </span>
     <span class='ocr_line' id='line_1_11' title="bbox 174 1058 1050 1145; baseline -0.003 -17"><span class='ocrx_word' id='word_1_55' title='bbox 174 1068 232 1130; x_wconf 90' lang='lat' dir='ltr'><strong>hec</strong></span> <span class='ocrx_word' id='word_1_56' title='bbox 254 1087 319 1130; x_wconf 89' lang='lat' dir='ltr'><strong>esse</strong></span> <span class='ocrx_word' id='word_1_57' title='bbox 340 1086 451 1131; x_wconf 89' lang='lat' dir='ltr'><strong>munus</strong></span> <span class='ocrx_word' id='word_1_58' title='bbox 473 1069 569 1129; x_wconf 88' lang='lat' dir='ltr'><strong>credis</strong></span> <span class='ocrx_word' id='word_1_59' title='bbox 591 1068 735 1131; x_wconf 89' lang='lat' dir='ltr'><strong>indictum</strong></span> <span class='ocrx_word' id='word_1_60' title='bbox 759 1070 838 1145; x_wconf 85' lang='lat' dir='ltr'><strong>viris,</strong></span> <span class='ocrx_word' id='word_1_61' title='bbox 866 1092 888 1126; x_wconf 77' lang='lat' dir='ltr'><strong>e</strong></span> <span class='ocrx_word' id='word_1_62' title='bbox 1000 1058 1050 1145; x_wconf 34' lang='lat'><strong>⁰³1</strong></span> 
     </span>
     <span class='ocr_line' id='line_1_12' title="bbox 175 1134 903 1233; baseline 0.003 -19"><span class='ocrx_word' id='word_1_63' title='bbox 175 1165 208 1215; x_wconf 85' lang='lat' dir='ltr'><strong>ut</strong></span> <span class='ocrx_word' id='word_1_64' title='bbox 229 1153 303 1214; x_wconf 89' lang='lat' dir='ltr'><strong>dura</strong></span> <span class='ocrx_word' id='word_1_65' title='bbox 324 1154 460 1228; x_wconf 84' lang='lat' dir='ltr'><strong>tolerent,</strong></span> <span class='ocrx_word' id='word_1_66' title='bbox 484 1153 622 1215; x_wconf 81' lang='lat' dir='ltr'><strong>cursibus</strong></span> <span class='ocrx_word' id='word_1_67' title='bbox 642 1134 788 1217; x_wconf 57' lang='lat' dir='ltr'><strong>ffir&#39;mitent</strong></span> <span class='ocrx_word' id='word_1_68' title='bbox 810 1174 903 1233; x_wconf 85' lang='lat' dir='ltr'><strong>eques</strong></span> 
     </span>
     <span class='ocr_line' id='line_1_13' title="bbox 174 1237 958 1320; baseline 0 -21"><span class='ocrx_word' id='word_1_69' title='bbox 174 1246 204 1299; x_wconf 88' lang='lat' dir='ltr'><strong>et</strong></span> <span class='ocrx_word' id='word_1_70' title='bbox 226 1256 309 1299; x_wconf 87' lang='lat' dir='ltr'><strong>saeva</strong></span> <span class='ocrx_word' id='word_1_71' title='bbox 330 1237 407 1299; x_wconf 89' lang='lat' dir='ltr'><strong>bella</strong></span> <span class='ocrx_word' id='word_1_72' title='bbox 429 1237 521 1300; x_wconf 88' lang='lat' dir='ltr'><strong>Marte</strong></span> <span class='ocrx_word' id='word_1_73' title='bbox 543 1240 706 1317; x_wconf 77' lang='lat' dir='ltr'><strong>sanguineo</strong></span> <span class='ocrx_word' id='word_1_74' title='bbox 730 1237 857 1319; x_wconf 76' lang='lat' dir='ltr'><strong>gerant?</strong></span> <span class='ocrx_word' id='word_1_75' title='bbox 956 1314 958 1320; x_wconf 15' lang='lat' dir='ltr'><em>A</em></span> 
     </span>
     <span class='ocr_line' id='line_1_14' title="bbox 176 1323 886 1403; baseline 0.006 -21"><span class='ocrx_word' id='word_1_76' title='bbox 176 1341 264 1401; x_wconf 90' lang='lat' dir='ltr'><strong>quam</strong></span> <span class='ocrx_word' id='word_1_77' title='bbox 285 1323 362 1384; x_wconf 83' lang='lat' dir='ltr'><strong>varia</strong></span> <span class='ocrx_word' id='word_1_78' title='bbox 385 1323 435 1385; x_wconf 91' lang='lat' dir='ltr'><strong>leti</strong></span> <span class='ocrx_word' id='word_1_79' title='bbox 458 1343 567 1403; x_wconf 84' lang='lat' dir='ltr'><strong>genera</strong></span> <span class='ocrx_word' id='word_1_80' title='bbox 590 1324 744 1387; x_wconf 81' lang='lat' dir='ltr'><strong>mortalem</strong></span> <span class='ocrx_word' id='word_1_81' title='bbox 765 1325 886 1387; x_wconf 90' lang='lat' dir='ltr'><strong>trabunt</strong></span> 
     </span>
     <span class='ocr_line' id='line_1_15' title="bbox 175 1409 977 1489; baseline 0.001 -19"><span class='ocrx_word' id='word_1_82' title='bbox 175 1416 360 1488; x_wconf 80' lang='lat' dir='ltr'><strong>carpuntque</strong></span> <span class='ocrx_word' id='word_1_83' title='bbox 383 1409 509 1486; x_wconf 85' lang='lat' dir='ltr'><strong>turbam,</strong></span> <span class='ocrx_word' id='word_1_84' title='bbox 531 1419 643 1489; x_wconf 88' lang='lat' dir='ltr'><strong>pentus</strong></span> <span class='ocrx_word' id='word_1_85' title='bbox 666 1420 695 1471; x_wconf 91' lang='lat' dir='ltr'><strong>et</strong></span> <span class='ocrx_word' id='word_1_86' title='bbox 716 1411 828 1471; x_wconf 86' lang='lat' dir='ltr'><strong>ferrum</strong></span> <span class='ocrx_word' id='word_1_87' title='bbox 851 1420 881 1473; x_wconf 91' lang='lat' dir='ltr'><strong>et</strong></span> <span class='ocrx_word' id='word_1_88' title='bbox 903 1411 977 1472; x_wconf 90' lang='lat' dir='ltr'><strong>dolil</strong></span> 
     </span>
     <span class='ocr_line' id='line_1_16' title="bbox 175 1492 843 1577; baseline 0.004 -24"><span class='ocrx_word' id='word_1_89' title='bbox 175 1492 226 1554; x_wconf 89' lang='lat' dir='ltr'><strong>sed</strong></span> <span class='ocrx_word' id='word_1_90' title='bbox 248 1493 304 1554; x_wconf 90' lang='lat' dir='ltr'><strong>ista</strong></span> <span class='ocrx_word' id='word_1_91' title='bbox 327 1493 429 1556; x_wconf 88' lang='lat' dir='ltr'><strong>credas</strong></span> <span class='ocrx_word' id='word_1_92' title='bbox 451 1494 551 1577; x_wconf 72' lang='lat' dir='ltr'><strong>desse:</strong></span> <span class='ocrx_word' id='word_1_93' title='bbox 576 1495 620 1556; x_wconf 88' lang='lat' dir='ltr'><strong>sic</strong></span> <span class='ocrx_word' id='word_1_94' title='bbox 641 1502 733 1556; x_wconf 88' lang='lat' dir='ltr'><strong>atram</strong></span> <span class='ocrx_word' id='word_1_95' title='bbox 756 1495 843 1575; x_wconf 83' lang='lat' dir='ltr'><strong>Styga</strong></span> 
     </span>
     <span class='ocr_line' id='line_1_17' title="bbox 175 1579 951 1659; baseline 0.004 -20"><span class='ocrx_word' id='word_1_96' title='bbox 175 1580 231 1639; x_wconf 91' lang='lat' dir='ltr'><strong>iam</strong></span> <span class='ocrx_word' id='word_1_97' title='bbox 254 1579 383 1658; x_wconf 91' lang='lat' dir='ltr'><strong>petimus</strong></span> <span class='ocrx_word' id='word_1_98' title='bbox 407 1579 484 1640; x_wconf 89' lang='lat' dir='ltr'><strong>ultro</strong></span> <span class='ocrx_word' id='word_1_99' title='bbox 507 1613 548 1623; x_wconf 88' lang='lat'>-</span> <span class='ocrx_word' id='word_1_100' title='bbox 571 1580 712 1641; x_wconf 91' lang='lat' dir='ltr'><strong>caelibem</strong></span> <span class='ocrx_word' id='word_1_101' title='bbox 735 1580 822 1640; x_wconf 84' lang='lat' dir='ltr'><strong>vitam</strong></span> <span class='ocrx_word' id='word_1_102' title='bbox 844 1579 951 1659; x_wconf 87' lang='lat' dir='ltr'><strong>probet</strong></span> 
     </span>
     <span class='ocr_line' id='line_1_18' title="bbox 175 1664 911 1744; baseline 0.003 -20"><span class='ocrx_word' id='word_1_103' title='bbox 175 1664 285 1725; x_wconf 90' lang='lat' dir='ltr'><strong>sterilis</strong></span> <span class='ocrx_word' id='word_1_104' title='bbox 307 1664 461 1726; x_wconf 86' lang='lat' dir='ltr'><strong>iuventus:</strong></span> <span class='ocrx_word' id='word_1_105' title='bbox 484 1665 542 1725; x_wconf 89' lang='lat' dir='ltr'><strong>hec</strong></span> <span class='ocrx_word' id='word_1_106' title='bbox 565 1665 631 1738; x_wconf 82' lang='lat' dir='ltr'><strong>erit,</strong></span> <span class='ocrx_word' id='word_1_107' title='bbox 654 1666 798 1744; x_wconf 89' lang='lat' dir='ltr'><strong>quidquid</strong></span> <span class='ocrx_word' id='word_1_108' title='bbox 820 1666 911 1743; x_wconf 83' lang='lat' dir='ltr'><strong>vides,</strong></span> 
     </span>
     <span class='ocr_line' id='line_1_19' title="bbox 154 1749 833 1831; baseline 0.004 -22"><span class='ocrx_word' id='word_1_109' title='bbox 154 1749 266 1831; x_wconf 58' lang='lat' dir='ltr'><strong>‚unius</strong></span> <span class='ocrx_word' id='word_1_110' title='bbox 289 1749 351 1810; x_wconf 90' lang='lat' dir='ltr'><strong>aevi</strong></span> <span class='ocrx_word' id='word_1_111' title='bbox 373 1750 461 1810; x_wconf 92' lang='lat' dir='ltr'><strong>turba</strong></span> <span class='ocrx_word' id='word_1_112' title='bbox 484 1758 513 1810; x_wconf 91' lang='lat' dir='ltr'><strong>et</strong></span> <span class='ocrx_word' id='word_1_113' title='bbox 535 1749 565 1810; x_wconf 95' lang='lat' dir='ltr'><strong>in</strong></span> <span class='ocrx_word' id='word_1_114' title='bbox 589 1757 683 1811; x_wconf 88' lang='lat' dir='ltr'><strong>semet</strong></span> <span class='ocrx_word' id='word_1_115' title='bbox 705 1762 780 1812; x_wconf 88' lang='lat' dir='ltr'><strong>ruet.</strong></span> <span class='ocrx_word' id='word_1_116' title='bbox 830 1776 833 1781; x_wconf 59' lang='grc'><em>’</em></span> 
     </span>
     <span class='ocr_line' id='line_1_20' title="bbox 175 1830 806 1915; baseline 0.003 -21"><span class='ocrx_word' id='word_1_117' title='bbox 175 1834 304 1915; x_wconf 85' lang='lat' dir='ltr'><strong>previdit</strong></span> <span class='ocrx_word' id='word_1_118' title='bbox 325 1833 375 1895; x_wconf 89' lang='lat' dir='ltr'><strong>ille</strong></span> <span class='ocrx_word' id='word_1_119' title='bbox 397 1830 540 1896; x_wconf 83' lang='lat' dir='ltr'><strong>maximus</strong></span> <span class='ocrx_word' id='word_1_120' title='bbox 561 1835 665 1896; x_wconf 91' lang='lat' dir='ltr'><strong>mundi</strong></span> <span class='ocrx_word' id='word_1_121' title='bbox 689 1853 806 1915; x_wconf 87' lang='lat' dir='ltr'><strong>parens,</strong></span> 
     </span>
     <span class='ocr_line' id='line_1_21' title="bbox 177 1919 848 1999; baseline 0.001 -20"><span class='ocrx_word' id='word_1_122' title='bbox 177 1937 245 1980; x_wconf 88' lang='lat' dir='ltr'><strong>cum</strong></span> <span class='ocrx_word' id='word_1_123' title='bbox 267 1928 325 1980; x_wconf 90' lang='lat' dir='ltr'><strong>tam</strong></span> <span class='ocrx_word' id='word_1_124' title='bbox 349 1937 468 1999; x_wconf 87' lang='lat' dir='ltr'><strong>rapaces</strong></span> <span class='ocrx_word' id='word_1_125' title='bbox 491 1919 711 1981; x_wconf 83' lang='lat' dir='ltr'><strong>cerneret-Fati</strong></span> <span class='ocrx_word' id='word_1_126' title='bbox 733 1938 848 1995; x_wconf 88' lang='lat' dir='ltr'><strong>manus,</strong></span> 
     </span>
     <span class='ocr_line' id='line_1_22' title="bbox 176 2004 879 2084; baseline 0 -20"><span class='ocrx_word' id='word_1_127' title='bbox 176 2013 209 2065; x_wconf 87' lang='lat' dir='ltr'><strong>ut</strong></span> <span class='ocrx_word' id='word_1_128' title='bbox 232 2005 336 2065; x_wconf 90' lang='lat' dir='ltr'><strong>damna</strong></span> <span class='ocrx_word' id='word_1_129' title='bbox 358 2022 475 2084; x_wconf 88' lang='lat' dir='ltr'><strong>semper</strong></span> <span class='ocrx_word' id='word_1_130' title='bbox 498 2004 601 2067; x_wconf 89' lang='lat' dir='ltr'><strong>subole</strong></span> <span class='ocrx_word' id='word_1_131' title='bbox 623 2014 772 2084; x_wconf 90' lang='lat' dir='ltr'><strong>repararet</strong></span> <span class='ocrx_word' id='word_1_132' title='bbox 795 2023 879 2066; x_wconf 88' lang='lat' dir='ltr'><strong>nova.</strong></span> 
     </span>
     <span class='ocr_line' id='line_1_23' title="bbox 176 2089 841 2171; baseline 0.003 -22"><span class='ocrx_word' id='word_1_133' title='bbox 176 2089 296 2150; x_wconf 81' lang='lat' dir='ltr'><strong>excedat</strong></span> <span class='ocrx_word' id='word_1_134' title='bbox 317 2090 441 2171; x_wconf 76' lang='lat' dir='ltr'><strong>agedum</strong></span> <span class='ocrx_word' id='word_1_135' title='bbox 464 2090 553 2151; x_wconf 91' lang='lat' dir='ltr'><strong>rebus</strong></span> <span class='ocrx_word' id='word_1_136' title='bbox 575 2091 711 2151; x_wconf 85' lang='lat' dir='ltr'><strong>humanis</strong></span> <span class='ocrx_word' id='word_1_137' title='bbox 734 2090 841 2164; x_wconf 87' lang='lat' dir='ltr'><strong>Venus,</strong></span> 
     </span>
     <span class='ocr_line' id='line_1_24' title="bbox 174 2174 925 2255; baseline 0.001 -21"><span class='ocrx_word' id='word_1_138' title='bbox 174 2192 250 2254; x_wconf 91' lang='lat' dir='ltr'><strong>quae</strong></span> <span class='ocrx_word' id='word_1_139' title='bbox 273 2174 393 2254; x_wconf 89' lang='lat' dir='ltr'><strong>supplet</strong></span> <span class='ocrx_word' id='word_1_140' title='bbox 414 2194 448 2236; x_wconf 92' lang='lat' dir='ltr'><strong>ac</strong></span> <span class='ocrx_word' id='word_1_141' title='bbox 469 2175 597 2236; x_wconf 88' lang='lat' dir='ltr'><strong>restituit</strong></span> <span class='ocrx_word' id='word_1_142' title='bbox 618 2175 791 2236; x_wconf 83' lang='lat' dir='ltr'><strong>exhaustum</strong></span> <span class='ocrx_word' id='word_1_143' title='bbox 816 2194 925 2255; x_wconf 83' lang='lat' dir='ltr'><strong>genus:</strong></span> 
     </span>
     <span class='ocr_line' id='line_1_25' title="bbox 175 2258 881 2339; baseline 0.003 -20"><span class='ocrx_word' id='word_1_144' title='bbox 175 2258 254 2319; x_wconf 88' lang='lat' dir='ltr'><strong>erbis</strong></span> <span class='ocrx_word' id='word_1_145' title='bbox 277 2258 390 2320; x_wconf 79' lang='lat' dir='ltr'><strong>iacebit</strong></span> <span class='ocrx_word' id='word_1_146' title='bbox 405 2260 538 2339; x_wconf 86' lang='lat' dir='ltr'><strong>squalido</strong></span> <span class='ocrx_word' id='word_1_147' title='bbox 560 2260 658 2339; x_wconf 78' lang='lat' dir='ltr'><strong>turpis</strong></span> <span class='ocrx_word' id='word_1_148' title='bbox 679 2260 748 2333; x_wconf 84' lang='lat' dir='ltr'><strong>situ,</strong></span> <span class='ocrx_word' id='word_1_149' title='bbox 796 2260 881 2333; x_wconf 51' lang='grc' dir='ltr'>Μ</span> 
     </span>
     <span class='ocr_line' id='line_1_26' title="bbox 174 2344 845 2424; baseline 0.003 -21"><span class='ocrx_word' id='word_1_150' title='bbox 174 2361 299 2406; x_wconf 87' lang='lat' dir='ltr'><strong>vacuum</strong></span> <span class='ocrx_word' id='word_1_151' title='bbox 321 2344 387 2405; x_wconf 85' lang='lat' dir='ltr'><strong>sine</strong></span> <span class='ocrx_word' id='word_1_152' title='bbox 409 2344 478 2406; x_wconf 89' lang='lat' dir='ltr'><strong>ullis</strong></span> <span class='ocrx_word' id='word_1_153' title='bbox 501 2346 632 2424; x_wconf 89' lang='lat' dir='ltr'><strong>piscibus</strong></span> <span class='ocrx_word' id='word_1_154' title='bbox 654 2344 743 2406; x_wconf 90' lang='lat' dir='ltr'><strong>stabit</strong></span> <span class='ocrx_word' id='word_1_155' title='bbox 766 2358 845 2406; x_wconf 86' lang='lat' dir='ltr'><strong>mare</strong></span> 
     </span>
     <span class='ocr_line' id='line_1_27' title="bbox 175 2427 745 2508; baseline 0 -18"><span class='ocrx_word' id='word_1_156' title='bbox 175 2427 294 2508; x_wconf 89' lang='lat' dir='ltr'><strong>alesque</strong></span> <span class='ocrx_word' id='word_1_157' title='bbox 318 2428 399 2489; x_wconf 88' lang='lat' dir='ltr'><strong>caelo</strong></span> <span class='ocrx_word' id='word_1_158' title='bbox 423 2429 499 2490; x_wconf 87' lang='lat' dir='ltr'><strong>derit</strong></span> <span class='ocrx_word' id='word_1_159' title='bbox 521 2439 549 2490; x_wconf 88' lang='lat' dir='ltr'><strong>et</strong></span> <span class='ocrx_word' id='word_1_160' title='bbox 571 2429 651 2491; x_wconf 87' lang='lat' dir='ltr'><strong>silvis</strong></span> <span class='ocrx_word' id='word_1_161' title='bbox 672 2430 745 2504; x_wconf 88' lang='lat' dir='ltr'><strong>fera,</strong></span> 
     </span>
     <span class='ocr_line' id='line_1_28' title="bbox 174 2513 713 2594; baseline -0.002 -19"><span class='ocrx_word' id='word_1_162' title='bbox 174 2513 246 2575; x_wconf 87' lang='lat' dir='ltr'><strong>selis</strong></span> <span class='ocrx_word' id='word_1_163' title='bbox 269 2521 299 2575; x_wconf 89' lang='lat' dir='ltr'><strong>et</strong></span> <span class='ocrx_word' id='word_1_164' title='bbox 320 2532 370 2575; x_wconf 90' lang='lat' dir='ltr'><strong>aer</strong></span> <span class='ocrx_word' id='word_1_165' title='bbox 391 2513 510 2594; x_wconf 77' lang='lat' dir='ltr'><strong>pervius</strong></span> <span class='ocrx_word' id='word_1_166' title='bbox 532 2515 626 2575; x_wconf 82' lang='lat' dir='ltr'><strong>ventis</strong></span> <span class='ocrx_word' id='word_1_167' title='bbox 650 2515 713 2576; x_wconf 90' lang='lat' dir='ltr'><strong>erit.</strong></span> 
     </span>
     <span class='ocr_line' id='line_1_29' title="bbox 144 2598 851 2680; baseline 0.006 -22"><span class='ocrx_word' id='word_1_168' title='bbox 144 2598 150 2609; x_wconf 85' lang='lat'>&#39;</span> <span class='ocrx_word' id='word_1_169' title='bbox 175 2598 302 2680; x_wconf 75' lang='lat' dir='ltr'><strong>preinde</strong></span> <span class='ocrx_word' id='word_1_170' title='bbox 323 2598 398 2659; x_wconf 84' lang='lat' dir='ltr'><strong>ritae</strong></span> <span class='ocrx_word' id='word_1_171' title='bbox 423 2617 549 2679; x_wconf 91' lang='lat' dir='ltr'><strong>sequere</strong></span> <span class='ocrx_word' id='word_1_172' title='bbox 572 2607 707 2661; x_wconf 87' lang='lat' dir='ltr'><strong>naturam</strong></span> <span class='ocrx_word' id='word_1_173' title='bbox 730 2599 851 2662; x_wconf 89' lang='lat' dir='ltr'><strong>ducem:</strong></span> 
     </span>
     <span class='ocr_line' id='line_1_30' title="bbox 174 2684 842 2763; baseline 0.001 -17"><span class='ocrx_word' id='word_1_174' title='bbox 174 2684 281 2746; x_wconf 91' lang='lat' dir='ltr'><strong>urbem</strong></span> <span class='ocrx_word' id='word_1_175' title='bbox 304 2685 470 2763; x_wconf 81' lang='lat' dir='ltr'><strong>frequenta,</strong></span> <span class='ocrx_word' id='word_1_176' title='bbox 491 2685 601 2746; x_wconf 80' lang='lat' dir='ltr'><strong>civium</strong></span> <span class='ocrx_word' id='word_1_177' title='bbox 625 2695 743 2747; x_wconf 87' lang='lat' dir='ltr'><strong>coetum</strong></span> <span class='ocrx_word' id='word_1_178' title='bbox 767 2686 842 2747; x_wconf 80' lang='lat' dir='ltr'><strong>cele,</strong></span> 
     </span>
     <span class='ocr_line' id='line_1_31' title="bbox 174 2768 1003 2849; baseline 0.008 -21"><span class='ocrx_word' id='word_1_179' title='bbox 174 2787 249 2829; x_wconf 83' lang='lat' dir='ltr'><strong>amr.</strong></span> <span class='ocrx_word' id='word_1_180' title='bbox 293 2768 359 2829; x_wconf 89' lang='lat' dir='ltr'><strong>Non</strong></span> <span class='ocrx_word' id='word_1_181' title='bbox 383 2770 437 2831; x_wconf 90' lang='lat' dir='ltr'><strong>alia</strong></span> <span class='ocrx_word' id='word_1_182' title='bbox 461 2774 552 2849; x_wconf 83' lang='lat' dir='ltr'><strong>magis</strong></span> <span class='ocrx_word' id='word_1_183' title='bbox 575 2778 619 2832; x_wconf 88' lang='lat' dir='ltr'><strong>est</strong></span> <span class='ocrx_word' id='word_1_184' title='bbox 640 2770 731 2833; x_wconf 90' lang='lat' dir='ltr'><strong>libera</strong></span> <span class='ocrx_word' id='word_1_185' title='bbox 755 2782 784 2832; x_wconf 95' lang='lat' dir='ltr'><strong>et</strong></span> <span class='ocrx_word' id='word_1_186' title='bbox 806 2772 875 2832; x_wconf 87' lang='lat' dir='ltr'><strong>vitiu</strong></span> <span class='ocrx_word' id='word_1_187' title='bbox 899 2790 1003 2834; x_wconf 89' lang='lat' dir='ltr'><strong>carens</strong></span> 
     </span>
     <span class='ocr_line' id='line_1_32' title="bbox 175 2846 913 2939; baseline 0.003 -24"><span class='ocrx_word' id='word_1_188' title='bbox 175 2854 311 2939; x_wconf 90' lang='lat' dir='ltr'><strong>ritusque</strong></span> <span class='ocrx_word' id='word_1_189' title='bbox 333 2853 439 2915; x_wconf 91' lang='lat' dir='ltr'><strong>melius</strong></span> <span class='ocrx_word' id='word_1_190' title='bbox 462 2854 518 2915; x_wconf 87' lang='lat' dir='ltr'><strong>rita</strong></span> <span class='ocrx_word' id='word_1_191' title='bbox 541 2866 620 2934; x_wconf 69' lang='lat' dir='ltr'><strong>quae*</strong></span> <span class='ocrx_word' id='word_1_192' title='bbox 638 2846 754 2937; x_wconf 78' lang='lat' dir='ltr'><strong>priscos</strong></span> <span class='ocrx_word' id='word_1_193' title='bbox 777 2857 867 2932; x_wconf 79' lang='lat' dir='ltr'><strong>celat,</strong></span> <span class='ocrx_word' id='word_1_194' title='bbox 907 2878 913 2892; x_wconf 86' lang='lat'><strong>·</strong></span> 
     </span>
     <span class='ocr_line' id='line_1_33' title="bbox 175 2937 892 3018; baseline 0.004 -19"><span class='ocrx_word' id='word_1_195' title='bbox 175 2957 264 3018; x_wconf 91' lang='lat' dir='ltr'><strong>quam</strong></span> <span class='ocrx_word' id='word_1_196' title='bbox 287 2957 363 3017; x_wconf 88' lang='lat' dir='ltr'><strong>quae</strong></span> <span class='ocrx_word' id='word_1_197' title='bbox 386 2937 498 3000; x_wconf 89' lang='lat' dir='ltr'><strong>relictis</strong></span> <span class='ocrx_word' id='word_1_198' title='bbox 520 2941 677 3003; x_wconf 87' lang='lat' dir='ltr'><strong>moenibus</strong></span> <span class='ocrx_word' id='word_1_199' title='bbox 700 2941 784 3003; x_wconf 90' lang='lat' dir='ltr'><strong>silvas</strong></span> <span class='ocrx_word' id='word_1_200' title='bbox 807 2950 892 3003; x_wconf 85' lang='lat' dir='ltr'><strong>amat.</strong></span> 
     </span>
     <span class='ocr_line' id='line_1_34' title="bbox 176 3020 888 3087; baseline 0.001 -2"><span class='ocrx_word' id='word_1_201' title='bbox 176 3042 238 3085; x_wconf 87' lang='lat' dir='ltr'><strong>neu</strong></span> <span class='ocrx_word' id='word_1_202' title='bbox 261 3024 344 3084; x_wconf 91' lang='lat' dir='ltr'><strong>illum</strong></span> <span class='ocrx_word' id='word_1_203' title='bbox 368 3042 468 3085; x_wconf 82' lang='lat' dir='ltr'><strong>avarae</strong></span> <span class='ocrx_word' id='word_1_204' title='bbox 490 3027 598 3087; x_wconf 89' lang='lat' dir='ltr'><strong>mentis</strong></span> <span class='ocrx_word' id='word_1_205' title='bbox 620 3020 781 3087; x_wconf 84' lang='lat' dir='ltr'><strong>inflammat</strong></span> <span class='ocrx_word' id='word_1_206' title='bbox 802 3027 888 3087; x_wconf 82' lang='lat' dir='ltr'><strong>lurni·</strong></span> 
     </span>
     <span class='ocr_line' id='line_1_35' title="bbox 176 3102 859 3189; baseline 0.006 -21"><span class='ocrx_word' id='word_1_207' title='bbox 176 3109 228 3188; x_wconf 95' lang='lat' dir='ltr'><strong>qui</strong></span> <span class='ocrx_word' id='word_1_208' title='bbox 251 3128 282 3169; x_wconf 90' lang='lat' dir='ltr'><strong>se</strong></span> <span class='ocrx_word' id='word_1_209' title='bbox 305 3107 410 3169; x_wconf 90' lang='lat' dir='ltr'><strong>dicavit</strong></span> <span class='ocrx_word' id='word_1_210' title='bbox 432 3102 578 3171; x_wconf 80' lang='lat' dir='ltr'><strong>mentium</strong></span> <span class='ocrx_word' id='word_1_211' title='bbox 601 3111 748 3172; x_wconf 87' lang='lat' dir='ltr'><strong>insontem</strong></span> <span class='ocrx_word' id='word_1_212' title='bbox 772 3113 859 3189; x_wconf 81' lang='lat' dir='ltr'><strong>iugis,</strong></span> 
     </span>
     <span class='ocr_line' id='line_1_36' title="bbox 176 3193 972 3273; baseline 0.006 -19"><span class='ocrx_word' id='word_1_213' title='bbox 176 3212 238 3254; x_wconf 88' lang='lat' dir='ltr'><strong>nen</strong></span> <span class='ocrx_word' id='word_1_214' title='bbox 261 3212 331 3254; x_wconf 89' lang='lat' dir='ltr'><strong>aura</strong></span> <span class='ocrx_word' id='word_1_215' title='bbox 353 3193 458 3273; x_wconf 87' lang='lat' dir='ltr'><strong>pupuli</strong></span> <span class='ocrx_word' id='word_1_216' title='bbox 481 3204 511 3255; x_wconf 90' lang='lat' dir='ltr'><strong>et</strong></span> <span class='ocrx_word' id='word_1_217' title='bbox 532 3196 637 3273; x_wconf 85' lang='lat' dir='ltr'><strong>vulgus</strong></span> <span class='ocrx_word' id='word_1_218' title='bbox 660 3196 784 3258; x_wconf 87' lang='lat' dir='ltr'><strong>infidum</strong></span> <span class='ocrx_word' id='word_1_219' title='bbox 807 3196 904 3270; x_wconf 64' lang='lat' dir='ltr'><strong>benis</strong></span> <span class='ocrx_word' id='word_1_220' title='bbox 968 3234 972 3242; x_wconf 90' lang='lat'>·</span> 
     </span>
     <span class='ocr_line' id='line_1_37' title="bbox 175 3278 880 3360; baseline 0 -19"><span class='ocrx_word' id='word_1_221' title='bbox 175 3297 237 3341; x_wconf 86' lang='lat' dir='ltr'><strong>nnn</strong></span> <span class='ocrx_word' id='word_1_222' title='bbox 260 3278 402 3358; x_wconf 87' lang='lat' dir='ltr'><strong>pestilens</strong></span> <span class='ocrx_word' id='word_1_223' title='bbox 424 3279 541 3355; x_wconf 84' lang='lat' dir='ltr'><strong>invidia,</strong></span> <span class='ocrx_word' id='word_1_224' title='bbox 565 3284 626 3342; x_wconf 85' lang='lat' dir='ltr'><strong>nuri</strong></span> <span class='ocrx_word' id='word_1_225' title='bbox 648 3280 760 3360; x_wconf 79' lang='lat' dir='ltr'><strong>fragilis</strong></span> <span class='ocrx_word' id='word_1_226' title='bbox 782 3281 880 3356; x_wconf 84' lang='lat' dir='ltr'><strong>lavqr;</strong></span> 
     </span>
     <span class='ocr_line' id='line_1_38' title="bbox 175 3358 905 3443; baseline 0.003 -18"><span class='ocrx_word' id='word_1_227' title='bbox 175 3383 237 3425; x_wconf 87' lang='lat' dir='ltr'><strong>nen</strong></span> <span class='ocrx_word' id='word_1_228' title='bbox 260 3363 424 3443; x_wconf 79' lang='lat' dir='ltr'><strong>ille&#39;regne</strong></span> <span class='ocrx_word' id='word_1_229' title='bbox 447 3358 536 3424; x_wconf 85' lang='lat' dir='ltr'><strong>servit</strong></span> <span class='ocrx_word' id='word_1_230' title='bbox 556 3374 608 3426; x_wconf 90' lang='lat' dir='ltr'><strong>aut</strong></span> <span class='ocrx_word' id='word_1_231' title='bbox 629 3383 723 3443; x_wconf 81' lang='lat' dir='ltr'><strong>regno</strong></span> <span class='ocrx_word' id='word_1_232' title='bbox 747 3367 905 3427; x_wconf 89' lang='lat' dir='ltr'><strong>imminens</strong></span> 
     </span>
     <span class='ocr_line' id='line_1_39' title="bbox 175 3450 868 3539; baseline 0.006 -32"><span class='ocrx_word' id='word_1_233' title='bbox 175 3467 266 3510; x_wconf 85' lang='lat' dir='ltr'><strong>vanos</strong></span> <span class='ocrx_word' id='word_1_234' title='bbox 288 3450 419 3510; x_wconf 86' lang='lat' dir='ltr'><strong>honores</strong></span> <span class='ocrx_word' id='word_1_235' title='bbox 442 3450 577 3528; x_wconf 87' lang='lat' dir='ltr'><strong>sequitur</strong></span> <span class='ocrx_word' id='word_1_236' title='bbox 599 3460 649 3513; x_wconf 89' lang='lat' dir='ltr'><strong>aut</strong></span> <span class='ocrx_word' id='word_1_237' title='bbox 669 3452 763 3539; x_wconf 82' lang='lat' dir='ltr'><strong>fluxas</strong></span> <span class='ocrx_word' id='word_1_238' title='bbox 787 3460 868 3532; x_wconf 82' lang='lat' dir='ltr'><strong>opes,</strong></span> 
     </span>
    </p>
   </div>
   <div class='ocr_carea' id='block_1_5' title="bbox 60 3700 1250 4028">
    <p class='ocr_par' dir='ltr' id='par_1_6' title="bbox 60 3700 1250 4028">
     <span class='ocr_line' id='line_1_40' title="bbox 60 3700 1250 3770; baseline 0.003 -19"><span class='ocrx_word' id='word_1_239' title='bbox 60 3758 64 3764; x_wconf 46' lang='grc'><strong>,</strong></span> <span class='ocrx_word' id='word_1_240' title='bbox 261 3702 311 3752; x_wconf 80' lang='lat' dir='ltr'><strong>lb&#39;l</strong></span> <span class='ocrx_word' id='word_1_241' title='bbox 330 3700 425 3752; x_wconf 84' lang='lat' dir='ltr'><strong>evincit</strong></span> <span class='ocrx_word' id='word_1_242' title='bbox 442 3702 467 3752; x_wconf 91' lang='lat' dir='ltr'><em>A</em></span> <span class='ocrx_word' id='word_1_243' title='bbox 523 3704 571 3755; x_wconf 82' lang='grc'><strong>461</strong></span> <span class='ocrx_word' id='word_1_244' title='bbox 592 3701 634 3770; x_wconf 86' lang='lat' dir='ltr'><strong>ac]</strong></span> <span class='ocrx_word' id='word_1_245' title='bbox 653 3706 679 3754; x_wconf 87' lang='lat' dir='ltr'><strong>et</strong></span> <span class='ocrx_word' id='word_1_246' title='bbox 697 3704 721 3753; x_wconf 97' lang='lat' dir='ltr'><em>A</em></span> <span class='ocrx_word' id='word_1_247' title='bbox 783 3704 833 3755; x_wconf 76' lang='lat'><strong>462</strong></span> <span class='ocrx_word' id='word_1_248' title='bbox 852 3701 951 3754; x_wconf 80' lang='lat' dir='ltr'><strong>colisA</strong></span> <span class='ocrx_word' id='word_1_249' title='bbox 1019 3709 1080 3768; x_wconf 82' lang='lat' dir='ltr'><strong>peel</strong></span> <span class='ocrx_word' id='word_1_250' title='bbox 1097 3706 1148 3758; x_wconf 76' lang='lat'><strong>465</strong></span> <span class='ocrx_word' id='word_1_251' title='bbox 1166 3705 1250 3755; x_wconf 86' lang='lat' dir='ltr'><strong>collo·</strong></span> 
     </span>
     <span class='ocr_line' id='line_1_41' title="bbox 172 3768 1248 3836; baseline 0.006 -17"><span class='ocrx_word' id='word_1_252' title='bbox 172 3772 237 3819; x_wconf 49' lang='lat' dir='ltr'><strong>”cavi</strong></span> <span class='ocrx_word' id='word_1_253' title='bbox 253 3784 277 3819; x_wconf 90' lang='lat' dir='ltr'><strong>v.</strong></span> <span class='ocrx_word' id='word_1_254' title='bbox 294 3769 432 3822; x_wconf 75' lang='lat'><em>475-480</em></span> <span class='ocrx_word' id='word_1_255' title='bbox 448 3770 481 3834; x_wconf 85' lang='lat' dir='ltr'><strong>(u.</strong></span> <span class='ocrx_word' id='word_1_256' title='bbox 499 3770 639 3823; x_wconf 77' lang='lat'><em>466-468</em></span> <span class='ocrx_word' id='word_1_257' title='bbox 654 3777 715 3836; x_wconf 80' lang='lat' dir='ltr'><strong>pest</strong></span> <span class='ocrx_word' id='word_1_258' title='bbox 731 3787 756 3821; x_wconf 84' lang='lat' dir='ltr'><strong>v.</strong></span> <span class='ocrx_word' id='word_1_259' title='bbox 773 3771 824 3822; x_wconf 83' lang='grc'><strong>476</strong></span> <span class='ocrx_word' id='word_1_260' title='bbox 839 3776 969 3836; x_wconf 69' lang='lat' dir='ltr'><strong>peracri-ul</strong></span> <span class='ocrx_word' id='word_1_261' title='bbox 985 3768 1134 3836; x_wconf 80' lang='lat' dir='ltr'><strong>lliclrlerus)</strong></span> <span class='ocrx_word' id='word_1_262' title='bbox 1199 3776 1248 3825; x_wconf 81' lang='grc' dir='ltr'><strong>4Π</strong></span> 
     </span>
     <span class='ocr_line' id='line_1_42' title="bbox 175 3836 1250 3906; baseline 0.006 -20"><span class='ocrx_word' id='word_1_263' title='bbox 175 3836 222 3887; x_wconf 85' lang='lat' dir='ltr'><strong>sed</strong></span> <span class='ocrx_word' id='word_1_264' title='bbox 243 3836 293 3886; x_wconf 89' lang='lat' dir='ltr'><strong>lata</strong></span> <span class='ocrx_word' id='word_1_265' title='bbox 312 3837 389 3890; x_wconf 82' lang='lat' dir='ltr'><strong>codd.</strong></span> <span class='ocrx_word' id='word_1_266' title='bbox 412 3842 522 3889; x_wconf 63' lang='lat' dir='ltr'><strong>coercui</strong></span> <span class='ocrx_word' id='word_1_267' title='bbox 578 3842 627 3893; x_wconf 78' lang='grc'><strong>467</strong></span> <span class='ocrx_word' id='word_1_268' title='bbox 646 3839 693 3890; x_wconf 88' lang='lat' dir='ltr'><strong>lati</strong></span> <span class='ocrx_word' id='word_1_269' title='bbox 709 3838 791 3890; x_wconf 87' lang='lat' dir='ltr'><strong>minas</strong></span> <span class='ocrx_word' id='word_1_270' title='bbox 809 3840 833 3889; x_wconf 91' lang='lat' dir='ltr'><em>A</em></span> <span class='ocrx_word' id='word_1_271' title='bbox 884 3842 935 3892; x_wconf 83' lang='grc'><strong>468</strong></span> <span class='ocrx_word' id='word_1_272' title='bbox 953 3839 1043 3891; x_wconf 84' lang='lat' dir='ltr'><strong>sobole</strong></span> <span class='ocrx_word' id='word_1_273' title='bbox 1060 3840 1092 3903; x_wconf 82' lang='lat' dir='ltr'><strong>E,</strong></span> <span class='ocrx_word' id='word_1_274' title='bbox 1108 3841 1156 3890; x_wconf 83' lang='lat' dir='ltr'><strong>red</strong></span> <span class='ocrx_word' id='word_1_275' title='bbox 1170 3846 1250 3906; x_wconf 77' lang='lat' dir='ltr'><strong>prior</strong></span> 
     </span>
     <span class='ocr_line' id='line_1_43' title="bbox 175 3902 1250 3974; baseline 0.009 -23"><span class='ocrx_word' id='word_1_276' title='bbox 175 3917 192 3951; x_wconf 85' lang='grc' dir='ltr'>ο</span> <span class='ocrx_word' id='word_1_277' title='bbox 211 3919 245 3951; x_wconf 80' lang='lat' dir='ltr'><strong>eac</strong></span> <span class='ocrx_word' id='word_1_278' title='bbox 262 3918 279 3953; x_wconf 90' lang='lat' dir='ltr'><strong>n</strong></span> <span class='ocrx_word' id='word_1_279' title='bbox 296 3902 356 3956; x_wconf 84' lang='lat' dir='ltr'><strong>2m.</strong></span> <span class='ocrx_word' id='word_1_280' title='bbox 408 3908 459 3958; x_wconf 77' lang='lat'><strong>470</strong></span> <span class='ocrx_word' id='word_1_281' title='bbox 477 3906 595 3958; x_wconf 85' lang='lat' dir='ltr'><strong>restituet</strong></span> <span class='ocrx_word' id='word_1_282' title='bbox 610 3907 644 3959; x_wconf 78' lang='lat' dir='ltr'><strong>E.</strong></span> <span class='ocrx_word' id='word_1_283' title='bbox 662 3934 695 3945; x_wconf 97' lang='lat'><em>-</em></span> <span class='ocrx_word' id='word_1_284' title='bbox 712 3905 850 3959; x_wconf 88' lang='lat' dir='ltr'><strong>humanum</strong></span> <span class='ocrx_word' id='word_1_285' title='bbox 869 3921 950 3974; x_wconf 77' lang='lat' dir='ltr'><strong>genus</strong></span> <span class='ocrx_word' id='word_1_286' title='bbox 963 3909 987 3958; x_wconf 88' lang='lat' dir='ltr'><em>A</em></span> <span class='ocrx_word' id='word_1_287' title='bbox 1038 3910 1088 3960; x_wconf 78' lang='lat'><strong>472</strong></span> <span class='ocrx_word' id='word_1_288' title='bbox 1106 3908 1165 3960; x_wconf 90' lang='lat' dir='ltr'><strong>ullis</strong></span> <span class='ocrx_word' id='word_1_289' title='bbox 1184 3910 1250 3962; x_wconf 87' lang='lat' dir='ltr'><strong>clas-</strong></span> 
     </span>
     <span class='ocr_line' id='line_1_44' title="bbox 176 3967 1033 4028; baseline 0.009 -11"><span class='ocrx_word' id='word_1_290' title='bbox 176 3967 246 4019; x_wconf 88' lang='lat' dir='ltr'><strong>sibus</strong></span> <span class='ocrx_word' id='word_1_291' title='bbox 265 3970 341 4020; x_wconf 82' lang='lat' dir='ltr'><strong>codd.</strong></span> <span class='ocrx_word' id='word_1_292' title='bbox 359 3976 469 4023; x_wconf 75' lang='lat' dir='ltr'><strong>com-ece·</strong></span> <span class='ocrx_word' id='word_1_293' title='bbox 536 3977 586 4028; x_wconf 79' lang='grc'><strong>482</strong></span> <span class='ocrx_word' id='word_1_294' title='bbox 604 3979 692 4027; x_wconf 85' lang='lat' dir='ltr'><strong>coetus</strong></span> <span class='ocrx_word' id='word_1_295' title='bbox 710 3976 735 4025; x_wconf 88' lang='lat' dir='ltr'><em>A</em></span> <span class='ocrx_word' id='word_1_296' title='bbox 803 3978 853 4028; x_wconf 84' lang='grc'><strong>490</strong></span> <span class='ocrx_word' id='word_1_297' title='bbox 877 3976 991 4028; x_wconf 89' lang='lat' dir='ltr'><strong>imminet</strong></span> <span class='ocrx_word' id='word_1_298' title='bbox 1008 3976 1033 4025; x_wconf 91' lang='lat' dir='ltr'><em>A</em></span> 
     </span>
    </p>
   </div>
   <div class='ocr_carea' id='block_1_6' title="bbox 0 0 1366 4488">
    <p class='ocr_par' dir='ltr' id='par_1_7' title="bbox 0 0 1366 4488">
     <span class='ocr_line' id='line_1_45' title="bbox 0 0 1366 4488; baseline 0 0"><span class='ocrx_word' id='word_1_299' title='bbox 0 0 1366 4488; x_wconf 95' lang='lat' dir='ltr'><strong> </strong></span> 
     </span>
    </p>
   </div>
  </div>
 </body>
</html>
