2648 4478
318 204 320 211 ’
435 211 474 253 nn
495 210 625 255 nnncnn
647 211 769 255 DETAED.

150 377 176 419 u.
195 361 281 424 1302
305 361 348 422 sic
369 369 482 441 patrem
505 361 677 442 compellat:

276 445 402 525 (liquato
422 447 516 520 crede;
538 466 598 508 nore
619 452 716 509 miuus
738 447 847 510 coelum
868 448 941 511 midi

273 550 398 593 asserere
416 536 516 610 potui:
539 532 606 593 dum
624 543 738 612 petrem
760 551 860 594 verum
879 545 961 615 puto,

274 614 350 678 coelo
368 620 491 697 peperci.
535 621 594 678 sive
616 617 737 679 erudelis
754 629 840 697 puter

273 704 333 763 so'oe
354 721 382 762 es
402 705 582 777 misericors,
604 704 751 765 commodo
771 714 840 764 octo
861 722 980 766 monum

271 797 447 866 properante
467 796 567 848 morte.

79 867 128 928 hoc
154 867 242 932 dicit:
272 872 354 931 caelo
383 870 504 950 peperci
527 871 597 949 qnia
618 890 720 932 verum
742 879 771 932 te
793 879 907 951 patrem
929 871 1027 936 habui.
1072 874 1144 938 sub-

80 953 205 1014 audimus
228 954 323 1016 ultro:
347 955 405 1016 iam
428 955 553 1034 cognovi
575 966 604 1017 te
625 974 726 1017 uerum
749 964 862 1037 patrem
879 975 940 1018 non
957 977 1032 1035 esse,
1055 977 1144 1038 quem

81 1036 200 1100 colorem
224 1048 308 1101 antea
330 1040 387 1101 iam
402 1040 538 1121 pluribus
553 1048 730 1120 persecutus
745 1043 899 1115 escures
915 1045 974 1103 icoc
989 1048 1048 1107 icoo
1063 1063 1144 1106 meus

80 1123 200 1186 credetur
229 1124 416 1205 Amphitryon
441 1127 546 1206 puter).
591 1127 641 1188 sed
671 1126 783 1205 pergil:
808 1121 885 1189 ‘sice
914 1128 1036 1190 crudelis
1059 1141 1145 1208 puter

80 1212 131 1269 sice
158 1229 186 1271 es
214 1206 401 1282 misericcrs’,
431 1210 514 1289 quasi
546 1209 582 1271 de
611 1228 680 1272 vero
709 1219 793 1290 patre
821 1212 993 1291 neutiquam
1020 1213 1142 1276 dubitet.

81 1291 172 1355 debuit
194 1295 312 1375 utique:
336 1295 396 1356 sive
418 1314 504 1356 verns
527 1303 611 1374 pater
633 1314 665 1356 es
680 1295 740 1356 sive
755 1296 829 1357 falso
845 1298 974 1359 creditus
990 1297 1046 1374 (sic
1060 1300 1142 1361 lere:
1189 1331 1193 1338 ·

80 1381 131 1439 sios
151 1390 184 1441 tu
205 1399 288 1442 eorus
305 1389 391 1461 poter
412 1399 460 1441 seu
481 1382 565 1459 sumu
586 1380 664 1460 falsu
679 1392 727 1452 est,
747 1383 892 1443 commodo
906 1383 1037 1445 matrum
1051 1384 1144 1461 milui).

82 1460 148 1533 λᾶϊ
157 1463 299 1526 Hercules
321 1474 478 1544 postquam
500 1465 610 1526 audivit
638 1484 669 1526 se
691 1464 777 1528 Nessi
801 1466 905 1528 fraude
930 1468 1064 1530 occidere
1086 1469 1143 1530 iam

83 1546 133 1608 lata
154 1550 263 1630 expleri
287 1551 378 1612 sentit
404 1552 529 1627 (1473):

478 1653 595 1714 quercus
615 1635 688 1695 douc
709 1647 813 1696 sortem
834 1633 907 1709 miluo·

272 1719 395 1798 fatidico
415 1721 557 1800 quondum
579 1721 692 1782 dederet
715 1731 742 1781 et
763 1718 918 1782 Parnassio

198 1848 202 1855 .
275 1803 414 1865 Cr’rrlooeo
435 1809 562 1885 ponticus
583 1804 687 1884 templo
708 1808 821 1884 mupitu
842 1808 975 1879 uemusll

87 1886 146 1965 quis
172 1889 237 1950 haec
263 1886 435 1968 intellegat?
463 1909 597 1952 unumne
619 1889 757 1969 idemque
780 1890 932 1952 oraculum
955 1889 998 1952 illi
1022 1890 1142 1971 Delphis

87 1989 116 2031 ac
134 1973 264 2036 Dodonae
286 1972 440 2036 evenisse?
463 1975 572 2052 legerat
594 1974 734 2036 nimirum
757 1975 809 2055 qui
831 1976 904 2037 lraec
919 1976 1045 2056 scripsit
1066 1976 1142 2038 ller-

87 2056 172 2119 culem
191 2057 381 2140 Sophoclium
404 2059 443 2120 ita
460 2059 637 2144 loquentem
659 2061 784 2135 (1159):

273 2139 347 2222 ἐμοὶ
370 2141 431 2224 γὰρ
453 2143 492 2224 ἠν
516 2141 710 2227 πρόφαντον
733 2142 770 2208 ἐκ
791 2140 921 2224 πατρὸς
942 2141 1049 2209 πάλαι

274 2221 403 2308 ἀνδρῶν
425 2225 592 2293 πνεόντων
614 2223 754 2312 μηδενός
776 2231 896 2292 θανεῖν
918 2222 996 2309 r‘o'ouo,

274 2305 346 2376 ἀλλ’
369 2306 461 2389 ὅστις
475 2307 595 2378 ‘'Acdoo
619 2310 785 2398 φθίμενος
808 2312 949 2397 οἰκήτωρ
972 2312 1081 2381 πέλοι.

89 2399 208 2459 tenemus
228 2417 317 2462 unam
340 2407 449 2460 sortem
473 2418 548 2478 qnae
570 2400 629 2461 iam
650 2409 745 2462 ratum
767 2398 870 2461 habuit
891 2409 1044 2464 euentum:

274 2477 329 2546 ὅδ’
352 2470 409 2546 οὖν
433 2478 451 2545 ό
473 2482 541 2588 θὴρ
564 2481 762 2564 Κένταυρος,
786 2477 832 2559 ὥς
853 2481 891 2548 τὸ
914 2488 1012 2554 θεῖον
1034 2472 1074 2587 ᾖν
1136 2548 1146 2556 ,

122 2648 136 2708 d
273 2567 479 2653 πρόφαντον,
504 2563 591 2632 odem
615 2565 722 2648 ζῶντά
744 2569 776 2650 μ’
789 2567 929 2635 ἔκτεινεν
950 2573 1076 2636 θανοον.

93 2664 121 2707 se
175 2671 204 2713 er
224 2655 259 2715 'tt

156 2670 173 2731 p
205 2671 232 2732 gl
274 2736 369 2822 φανῶ
393 2735 427 2799 d'
449 2733 512 2818 ἐγὼ
534 2733 683 2802 τούτοισι
706 2739 922 2820 συμβαίνοντ’
942 2737 1002 2803 ἰ’σα

273 2823 413 2905 μαντεῖα
435 2817 532 2885 καινοὶ
553 2829 625 2898 τοῖς
647 2820 754 2886 πάλαι
776 2820 944 2906 ξυνήγορα,

273 2903 295 2971 ἃ
317 2907 383 2971 τῶν
408 2898 524 2986 όρείοον
546 2908 599 2972 καὶ
621 2911 842 2990 papauerum
869 2903 931 2989 ἐγώ

273 2991 404 3056 Ecdicio
427 2990 576 3056 ἐσελθών
600 2988 702 3069 όῖλσος
724 2990 971 3075 εἷσεγραψάμην

273 3073 361 3161 πρός
382 3077 440 3160 τῆς
462 3076 622 3161 πατρῴας
643 3077 696 3142 καὶ
720 3075 962 3159 πολυγλώσσου
986 3074 1092 3161 δρυός.

94 3153 166 3220 labes
184 3162 307 3227 alterum
330 3163 499 3239 oraculnm;
528 3163 607 3243 quod
638 3182 705 3227 cum
727 3165 867 3226 Dodonae
889 3165 987 3227 datum
1010 3183 1075 3226 esse
1097 3164 1141 3226 di-

93 3243 162 3306 sertis
181 3248 275 3311 uerbis
299 3249 422 3323 dicatur,
445 3248 548 3329 quidni
570 3249 654 3330 prius
677 3249 749 3311 illud
771 3249 907 3330 Delphici
922 3248 1067 3330 Apollinis
1089 3268 1141 3312 ore

92 3325 190 3392 chlove
211 3330 381 3414 acceperit?
402 3344 461 3395 tam
482 3333 583 3395 claude
598 3341 695 3395 autem
712 3342 741 3395 et
755 3334 874 3414 oblique
889 3343 975 3415 poeta
990 3333 1142 3395 Romanus

91 3408 150 3475 laec
168 3416 241 3479 inter
262 3437 296 3479 se
318 3419 481 3495 coniunxit,
504 3428 538 3480 ut
552 3420 589 3480 de
604 3437 663 3480 una
679 3426 792 3481 tantum
808 3429 887 3481 sorte
902 3418 985 3498 loqui
999 3418 1140 3480 videatur.

91 3497 161 3560 cuius
179 3502 263 3565 verba
286 3511 316 3566 et
338 3504 401 3584 ipsa
424 3503 569 3581 originem
585 3504 655 3565 satis
670 3503 837 3567 luculenter
851 3511 1006 3577 testantur,
1029 3501 1142 3585 quippe

91 3597 151 3658 quae
170 3605 207 3648 ex·
218 3588 376 3668 Sophoclis
399 3588 517 3667 gemino
539 3589 669 3651 carmine
683 3589 754 3652 item
768 3589 800 3651 in
817 3606 910 3653 unum
926 3588 1049 3650 conflata
1065 3588 1139 3651 sint:

90 3714 274 3733 Q—

160 3803 179 3867 5λ
195 3820 344 3872 proruamus
360 3805 519 3858 scribendum
533 3821 590 3858 esee
601 3822 695 3873 specus
705 3812 773 3859 recte
786 3805 925 3859 coniecisse
934 3803 1009 3858 credo
1019 3804 1142 3859 Wilamo-

89 3866 193 3923 uitulum.
226 3874 281 3940 ipse
297 3874 429 3926 volueram
448 3877 534 3940 tripur
551 3869 639 3942 (ἴαχεν
656 3870 685 3933 ἐξ
701 3871 814 3926 ἀδύτοιο
833 3871 880 3943 dodo
900 3871 1041 3943 τριπόδων
1061 3871 1142 3942 ἐριτί-

89 3938 156 4003 μων),
169 3939 212 3992 sed
229 3941 344 4009 mugitus
362 3947 402 3994 est
421 3947 501 3993 terrae
519 3941 612 4010 fragor.
1036 3968 1039 3973 >
