2790 4494
14 4428 16 4463 i

591 264 764 310 rnenusssan

139 417 197 478 hoe
218 414 349 496 populus
372 416 479 493 omnis,
502 424 628 495 utraque
649 416 708 478 heo
728 417 800 478 vidit
821 435 907 480 soror

139 501 332 581 genetrixque
353 501 426 562 vidi:
450 520 519 562 nam
540 510 623 582 pater
644 501 731 564 debet
753 502 810 577 sibi,

138 586 219 665 qnod
241 586 295 647 ista
319 604 380 649 non
403 576 544 667 spee'tarit
565 619 608 632 -
630 595 766 648 eeourrat
787 586 841 648 tibi

139 689 222 733 nuno
244 669 387 752 Oedipus,
410 690 470 752 quo
492 672 590 734 iudice
612 673 722 733 erroris
744 690 865 751 quoque

138 775 253 838 poenae
275 764 429 836 petuntur.
474 776 520 836 ne,
543 774 660 837 precer,
682 757 761 819 serre
785 776 856 820 erne

97 884 102 892 ·
139 843 262 922 patriam
285 861 319 903 ae
341 849 464 922 penates
486 860 569 917 neve,
594 861 666 921 quas
689 859 793 921 regere
816 844 938 922 expetis,
1021 848 1023 853 ’

139 934 236 988 everte
258 926 383 989 Thebas.
428 926 495 1008 quis
517 937 600 989 tenet
620 934 749 989 mentem
771 926 879 989 furer?

139 1011 268 1092 petendo
290 1012 415 1092 patriam
437 1010 559 1091 perdis?
582 1018 616 1073 ut
638 1013 689 1074 fiat
710 1021 771 1088 tua,

138 1095 183 1157 ris
205 1114 269 1158 esse
292 1094 426 1158 nullam?
449 1096 522 1175 quin
544 1104 612 1158 tuae
635 1114 739 1158 eansao
762 1106 851 1158 noeet

139 1181 238 1260 ipsum
261 1182 318 1243 hoo
340 1181 421 1260 quod
442 1182 531 1243 armis
553 1181 616 1242 uris
638 1181 754 1243 infestis
776 1182 873 1243 solnm

139 1273 314 1345 segetesque
336 1266 450 1328 adultas
476 1266 587 1329 sternis
607 1274 638 1328 et
659 1275 736 1329 totos
760 1267 858 1346 fugam

140 1350 204 1412 edis
225 1369 279 1432 per
301 1369 402 1430 agros:
427 1370 515 1414 nemo
538 1353 581 1413 sie
603 1360 694 1414 vastat
715 1369 785 1428 sua;

139 1452 215 1515 quae
237 1436 349 1517 corripi
370 1437 450 1515 igne,
473 1455 549 1515 quae
570 1437 640 1498 meti
663 1437 758 1515 gladio
781 1437 866 1498 iubes

139 1520 233 1583 aliena
256 1522 365 1584 eredis:
405 1539 458 1583 rex
479 1522 519 1583 sit
540 1541 575 1584 ex
597 1521 679 1583 vobis
701 1530 777 1597 uter,

78 1627 83 1636 ·
138 1614 278 1668 manente
299 1625 392 1686 regno
414 1606 556 1686 quaerite.
600 1607 673 1669 haeo
694 1607 760 1669 tetis
783 1606 866 1686 petis„
958 1593 960 1598 ’

138 1690 324 1772 flammisque
345 1690 444 1753 terta?
466 1691 578 1773 poteris
601 1692 654 1754 has
676 1691 852 1771 Amphionis

139 1793 279 1855 quassare
300 1776 415 1839 meles?
438 1778 518 1839 nulla
541 1796 614 1858 quas
635 1778 743 1839 struxit
763 1795 869 1838 manus

139 1861 282 1924 stridente
303 1863 419 1924 tardum
441 1864 577 1925 maehina
598 1862 711 1924 doeens
733 1881 821 1938 onus,

139 1946 191 2007 sed
213 1955 391 2009 convocatos
412 1949 494 2010 vocis
516 1957 545 2010 et
566 1947 695 2010 eitharae
717 1964 793 2009 sono

140 2049 195 2111 per
217 2051 249 2094 se
271 2032 336 2113 ipse
359 2051 488 2095 sommas
510 2033 589 2096 venit
611 2032 642 2095 in
664 2043 763 2094 turres
784 2031 874 2112 lapis:

139 2116 212 2179 haee
234 2135 303 2179 saxa
325 2115 467 2198 franges?
489 2119 582 2179 vietor
603 2118 674 2179 hino
696 2117 790 2197 spolia
813 2117 927 2178 auteres

137 2201 312 2283 vinctosque
335 2203 424 2265 ducos
446 2203 538 2283 patris
560 2203 697 2283 aequales
719 2202 773 2279 tui,

137 2294 307 2367 matresque
329 2288 452 2368 abipso
476 2288 637 2365 coniugum
659 2295 758 2367 raptas
779 2287 847 2348 sinu

138 2390 242 2433 saevus
264 2381 367 2434 eatena
388 2373 473 2433 miles
494 2373 631 2453 imposita
653 2369 772 2434 trahet?
820 2434 822 2439 ,

138 2456 237 2518 adulta
257 2457 350 2536 virgo,
372 2458 461 2519 mixta
484 2458 599 2537 eaptiro
621 2459 714 2537 gregi,

138 2541 278 2604 Thebana
301 2542 426 2603 nuribus
447 2561 558 2605 munus
580 2542 725 2622 Argolicis
748 2539 817 2604 eat?

139 2645 177 2688 an
200 2636 229 2689 et
250 2627 324 2707 ipsa,
347 2627 458 2707 palmas
480 2628 576 2689 vineta
597 2636 666 2708 post
686 2636 802 2707 tergum
825 2627 916 2701 datas,

121 2719 232 2793 ‘mater
253 2711 396 2792 triumphi
418 2713 528 2792 praeda
549 2713 672 2775 fraterni
693 2710 806 2774 vehar?

138 2806 264 2876 potesne
287 2798 364 2858 eires
386 2799 446 2859 lete
469 2806 499 2860 et
520 2798 607 2860 exitio
633 2799 715 2859 dates

138 2881 238 2943 videre
259 2881 393 2963 passim?
416 2882 573 2945 moenibus
596 2884 671 2945 caris
694 2890 779 2963 potes

138 2968 255 3029 hostem
277 2968 445 3045 admovere,
468 2968 614 3049 sanguine
635 2976 665 3030 et
686 2969 802 3029 flamma
823 2973 908 3046 potes

139 3051 264 3130 implere
287 3051 426 3116 Thebas?
447 3064 506 3116 tam
529 3055 611 3116 serus
634 3054 740 3116 durum
764 3051 842 3131 geris

139 3154 318 3217 saevumque
340 3138 371 3200 in
393 3139 452 3201 iras
475 3137 602 3219 peetus?
625 3149 655 3201 et
676 3137 809 3199 nondum
832 3136 961 3215 imperas
982 3168 1024 3180 -

140 3221 212 3300 quid
234 3230 350 3302 sceptra
373 3222 504 3286 facient?
551 3242 631 3304 pone
652 3241 802 3297 vaesanos,
825 3239 942 3301 preoor,

140 3306 230 3367 animi
252 3317 384 3369 tumores
406 3317 496 3387 teque
517 3309 618 3389 pietati
640 3309 726 3370 refer.
1093 3332 1100 3345 ·
1169 3313 1214 3364 585

140 3409 205 3451 ron.
249 3391 286 3452 Vt
307 3394 453 3473 profugus
475 3392 592 3456 errem?
615 3411 732 3473 semper
753 3398 788 3454 ut
809 3390 901 3472 patria
924 3405 1024 3452 arcear

227 3595 275 3646 551
293 3597 429 3660 utramque
452 3592 477 3644 Ε
500 3597 620 3645 correxit
640 3593 766 3659 perperus
788 3592 876 3659 suppl.
893 3606 936 3659 pr.
957 3605 985 3656 p.
1008 3590 1043 3644 33
1060 3592 1087 3641 et
1103 3587 1214 3656 populus

141 3660 224 3712 omnis
242 3665 268 3712 et
286 3666 393 3729 utraque
411 3661 461 3714 hee
475 3678 501 3716 r.
513 3677 534 3716 s.
548 3662 573 3712 A
642 3665 691 3715 eet
710 3661 775 3712 vidit
793 3660 868 3713 redd.
886 3661 1007 3711 eor-rame
1025 3659 1046 3719 I.
1065 3658 1215 3710 Gronovius

140 3732 189 3782 561
214 3728 319 3783 adustas
337 3730 363 3781 A
443 3733 492 3784 554
509 3745 524 3782 e
541 3730 601 3782 vob.
619 3730 645 3781 A
713 3733 762 3784 565
781 3733 854 3797 petes
872 3728 898 3779 A
977 3730 1027 3780 570
1045 3731 1127 3778 turres
1144 3725 1215 3777 venit

139 3797 166 3850 in
184 3812 297 3850 summas
314 3798 340 3849 A
414 3801 465 3850 572
488 3798 622 3864 victosque
641 3799 665 3849 A
738 3800 787 3851 573
811 3798 843 3849 ab
860 3797 917 3864 ipse
934 3799 1028 3848 matres
1046 3793 1070 3848 A
1087 3795 1216 3860 (restituit

140 3865 275 3917 Aventius
291 3870 385 3919 matres
403 3867 435 3919 ab
453 3867 478 3931 i.)
556 3870 607 3920 574
629 3865 713 3918 tradet
730 3866 755 3918 Ε
838 3869 887 3918 575
911 3869 941 3916 ut
958 3863 1045 3916 adulta
1062 3862 1101 3926 A,
1165 3864 1213 3914 577

140 3938 289 4001 postergum
307 3935 332 3986 Ε
401 3936 551 3988 5791aetus
570 3935 684 3988 exitioA
753 3936 802 3987 582
821 3933 901 3986 terum
920 3937 947 3985 et
963 3933 1053 3985 durum
1071 3929 1097 3980 A
1165 3931 1216 3982 584

139 4003 225 4069 potine
243 4002 402 4054 15515.-
420 4019 543 4058 vesanos:
562 4019 577 4057 e
593 4008 611 4057 i.
630 4019 684 4056 roe.
702 4002 763 4056 2m.
780 4001 805 4053 Ε

192 4103 288 4145 Senecae
302 4105 426 4156 tragoediae
444 4106 473 4149 11.
997 4104 1010 4152 'i
