2686 4482
597 641 684 717 VH.

191 965 223 1027 Si
241 964 280 1027 de
293 972 358 1026 erte
371 962 492 1024 metrica
505 960 622 1041 qualem
637 961 668 1023 in
684 962 807 1026 canticis
821 915 935 1024 Seneoa
948 962 1088 1025 factitavit
1101 980 1177 1042 quae

94 1061 174 1130 post
196 1049 337 1113 Bernardi
352 1046 496 1109 Schmidti
517 1046 553 1109 de
568 1046 759 1110 emendandis
775 1047 906 1111 Senecae
920 1047 1078 1127 tragoediis
1092 1046 1176 1111 libel·

94 1135 164 1197 lum
184 1134 306 1196 dicenda
321 1140 393 1197 sunt
406 1139 511 1195 cuncta
526 1132 666 1211 persequi
680 1132 826 1209 volumus,
848 1140 939 1194 restet
956 1142 990 1194 nt
1011 1132 1053 1193 de
1075 1141 1176 1194 stro·

95 1216 1176 1300 phicacarminumcompositionedisseramusveipotiuseffi·

94 1305 220 1366 ciamus
235 1322 306 1366 num
321 1311 411 1383 poete
423 1301 546 1362 omnino
561 1302 593 1362 in
608 1301 730 1363 canticis
742 1302 930 1381 stropharum
941 1302 1175 1383 aequabilitatem

95 1407 233 1467 regnare
253 1388 382 1451 iusserit
418 1395 507 1469 etque
529 1393 563 1447 ut
583 1385 655 1465 quid
675 1388 718 1448 rei
733 1386 772 1447 sit
785 1387 883 1449 statim
898 1387 1002 1458 dicam,
1025 1387 1177 1451 iunonem

93 1473 266 1554 tragoediis
292 1481 323 1533 et
350 1470 478 1550 amplius
500 1470 691 1550 quadraginta
715 1470 895 1533 carminibus
918 1490 1011 1534 unum
1034 1480 1077 1534 est
1098 1481 1176 1533 stro·

94 1559 174 1640 phis
199 1576 230 1618 re
251 1575 315 1620 tera
337 1555 528 1636 aequabiliter
551 1554 726 1637 discriptum
747 1565 778 1618 et
799 1575 837 1618 ne
859 1555 888 1616 id
911 1556 1032 1636 quidem
1049 1555 1175 1637 simplici

5 1666 7 1683 .
94 1646 275 1722 usitatoque
295 1641 392 1722 poetis
414 1659 523 1721 genere
538 1641 719 1721 sedseptem
733 1647 888 1704 teramum
903 1650 1077 1721 septemque
1094 1651 1177 1703 octo-

96 1746 217 1795 norum
244 1745 382 1789 versuum
412 1725 544 1807 strophis
572 1725 699 1804 singulis
726 1727 757 1787 in
787 1726 926 1790 adonium
955 1726 1141 1788 exeuntibus.
1156 1730 1178 1803 ¹)

5 1848 7 1869 2
95 1814 216 1893 loquor
242 1813 277 1874 de
298 1812 418 1873 Medeae
445 1811 563 1872 cantico
594 1812 775 1876 ote-eos
804 1812 841 1873 de
866 1811 952 1873 cuius
973 1811 1178 1891 aequabilitate

5 1918 7 2043 l

95 1907 243 1960 accurate
263 1896 408 1959 elaborata
430 1915 465 1956 eo
488 1895 587 1957 minus
609 1895 737 1956 dubitari
757 1904 857 1977 potest
870 1914 931 1975 quo
946 1898 1039 1974 magis
1053 1896 1176 1957 mirifice

96 1982 215 2045 accidit
241 1994 273 2043 ut
299 1981 387 2042 unica
416 1979 532 2058 gravior
559 1979 727 2060 corruptela
748 1979 781 2042 in
803 1980 957 2042 obscurata
979 1982 1177 2060 paenultimae

96 2067 247 2146 strophae
274 2064 403 2126 clausula
432 2065 486 2125 sita
516 2065 597 2139 sit.²)
641 2065 672 2125 in
699 2065 799 2126 Medea
830 2074 927 2126 autem
957 2083 1025 2126 oum
1054 2068 1176 2127 omnino

96 2151 249 2234 quaedam
276 2150 423 2213 dexterius
448 2149 646 2211 administrata
669 2149 730 2212 sint
751 2167 838 2230 quam
862 2150 892 2210 in
914 2149 1039 2229 reliquis
1060 2150 1177 2227 sabulis,

95 2237 196 2301 facile
216 2235 382 2299 inducimur
403 2242 438 2296 ut
457 2253 512 2314 per
532 2242 623 2297 totam
645 2233 773 2297 fabulam
795 2235 909 2296 caruca
923 2235 1064 2316 strophis,
1087 2255 1177 2316 quae·

95 2323 174 2384 sitis
196 2320 263 2381 lieet
283 2330 314 2382 et
325 2319 491 2380 artificiosis
506 2337 693 2399 quorumque
711 2337 772 2382 non
788 2320 819 2381 in
834 2320 992 2399 propatulo
1007 2320 1176 2396 situatum,

96 2405 282 2469 instruxisse
303 2412 420 2484 poetam
443 2414 591 2484 putemus.
635 2423 669 2464 ao
693 2406 790 2466 terere
812 2404 976 2485 suspicioni
998 2405 1177 2484 hymenaeus

96 2492 227 2553 videtur
246 2508 271 2550 v.
294 2492 335 2554 56
357 2508 418 2568 sq„
447 2488 499 2568 qui
520 2489 617 2569 primo
637 2488 704 2550 loco
727 2489 849 2571 praebet
870 2489 1055 2569 undeviginti
1077 2508 1178 2551 versus

96 2574 305 2654 asclepiadeos
310 2592 320 2650 ;
341 2581 485 2636 secuntur
499 2573 700 2653 duodeviginti
716 2575 868 2655 glyconei3
883 2574 989 2637 deinde
1003 2574 1178 2655 asclepiadei

6 2670 7 2679 ’
97 2659 308 2741 septendecim
330 2667 360 2720 et
379 2667 530 2738 postremo
547 2676 599 2720 sex
612 2677 715 2721 versus
729 2660 856 2721 heroici:
880 2669 913 2721 ut
931 2678 993 2721 non
1009 2660 1074 2722 sine
1089 2679 1177 2722 causa

98 3607 150 3661 nbi
170 3604 232 3660 haec
247 3606 273 3658 in
291 3607 420 3674 procellae

96 2744 328 2824 circumspicias
349 2743 427 2805 sitne
449 2763 465 2804 a
487 2743 614 2806 librariis
636 2744 759 2824 pristine
782 2743 973 2824 aequabilitas
990 2743 1104 2806 violata.
1134 2756 1178 2805 at·

197 2929 217 2991 ¹)
231 2925 286 2981 ‘sed
303 2928 329 2980 bi
347 2942 437 2995 perum
453 2925 647 2981 commentandi
664 2926 737 2980 lusus
746 2922 812 2983 sunt’
826 2926 855 2979 G.
865 2926 999 2978 Hermann.
1010 2927 1072 2994 epit.
1080 2942 1106 2994 p.
1117 2929 1178 2980 246.

195 2998 216 3061 ²)
233 3011 256 3048 v.
268 2999 327 3051 660.
351 2995 447 3048 nullam
463 2995 532 3047 enim
550 3010 607 3048 esse
624 2995 793 3061 corruptelam
810 2995 870 3046 inv.
880 2996 930 3048 653
948 3010 979 3047 su
999 3009 1024 3046 rs
1037 3011 1063 3062 p.
1072 2997 1105 3048 25
1118 2994 1177 3047 dixi.

97 3082 125 3120 v.
138 3067 194 3118 622
213 3064 244 3115 ed
255 3078 379 3116 summam
395 3069 466 3115 recte
478 3062 621 3117 Gronovius
634 3062 780 3130 explicavit,
797 3062 915 3115 nimirum
933 3010 1036 3182 Tiqdryn
1054 3061 1178 3116 Bneotum

96 3131 197 3201 (Sipha
205 3131 246 3184 vel
254 3129 720 3198 Potnitoriundmillsi'bespierum
729 3136 813 3197 portu,
821 3130 870 3184 bec
879 3145 958 3198 prope
988 3130 1178 3184 bebnsvetnste

98 3201 183 3264 urbe)
195 3199 270 3252 etiam
278 3199 377 3253 Aulidis
389 3215 476 3267 regern
486 3214 502 3252 a
512 3198 610 3251 Seneca
620 3199 714 3253 heberi.
738 3198 883 3252 addendum
892 3205 946 3251 erat
957 3198 1067 3253 Graecos
1077 3199 1178 3253 Troiam

98 3268 234 3337 petituros
250 3267 307 3334 ipso
324 3266 428 3320 iabulne
446 3273 560 3334 tempore
572 3266 664 3320 Aulide
680 3271 810 3321 morantes
826 3281 843 3319 s
860 3272 936 3333 poete
952 3265 1025 3335 fingi.
1049 3282 1109 3319 nem
1120 3283 1178 3320 cnm

97 3340 268 3402 Argonautas
285 3334 376 3388 Troica
393 3335 522 3402 expeditio
540 3335 668 3415 exceperit
685 3340 711 3387 et
728 3351 785 3403 eg.
800 3335 893 3388 Nestor
910 3336 1012 3403 utrique
1028 3335 1179 3395 nument,

97 3401 199 3473 quidni
221 3402 280 3454 ilico
301 3411 389 3455 secute
413 3404 465 3455 sit?
486 3408 636 3470 preesernm
653 3418 711 3454 cnm
729 3403 835 3455 multum
854 3403 976 3470 temporis
992 3403 1059 3455 iuter
1076 3402 1178 3454 velleris

96 3470 811 3606 ttttttftibllbtbulbltibttbttt
821 3470 1178 3606 lltlffllbttttetl

437 3556 608 3675 descriptione
625 3606 735 3674 legimus
752 3624 778 3663 v.
796 3609 860 3662 586:
1165 3620 1168 3625 ·

379 3681 406 3726 et
419 3682 501 3741 putat
517 3679 605 3741 mergi
620 3691 670 3729 rua
686 3692 763 3743 pocta
778 3691 885 3742 pauper

378 3759 463 3809 regna
480 3742 590 3795 Laertm
607 3743 705 3796 Ithaca
722 3749 857 3797 tremente.

9 3780 11 3815 ⁵
98 3823 167 3862 nem
184 3807 310 3929 questes
326 3810 527 3879 Agamemnonis
552 3817 658 3879 petruns
677 3811 782 3864 Laertae
800 3811 821 3864 si
840 3811 909 3878 sepis
927 3809 1041 3878 aequalis
1059 3813 1106 3862 est
1141 3807 1178 3862 sie

97 3877 499 4002 ffiffieffinphqnucsqtqlpsqee
509 3878 746 4000 rqiqqqmatpoblicum
757 3878 898 3933 esudentes
909 3876 1008 3946 pridem
1019 3890 1180 3945 nequaqnam

491 3963 509 4015 p
580 3963 594 4001 c
