<?xml version="1.0" encoding="UTF-8"?>
<!DOCTYPE html PUBLIC "-//W3C//DTD XHTML 1.0 Transitional//EN"
    "http://www.w3.org/TR/xhtml1/DTD/xhtml1-transitional.dtd">
<html xmlns="http://www.w3.org/1999/xhtml" xml:lang="en" lang="en">
 <head>
  <title>
</title>
<meta http-equiv="Content-Type" content="text/html;charset=utf-8" />
  <meta name='ocr-system' content='tesseract 3.04.00' />
  <meta name='ocr-capabilities' content='ocr_page ocr_carea ocr_par ocr_line ocrx_word'/>
</head>
<body>
  <div class='ocr_page' id='page_1' title='image "./lannaeisenecaet00leogoog_0546.png"; bbox 0 0 2658 4488; ppageno 0'>
   <div class='ocr_carea' id='block_1_1' title="bbox 516 247 658 293">
    <p class='ocr_par' dir='ltr' id='par_1_1' title="bbox 516 247 658 293">
     <span class='ocr_line' id='line_1_1' title="bbox 516 247 658 293; baseline -0.007 -3"><span class='ocrx_word' id='word_1_1' title='bbox 516 247 658 293; x_wconf 77' lang='lat' dir='ltr'>uflnnsuns</span> 
     </span>
    </p>
   </div>
   <div class='ocr_carea' id='block_1_2' title="bbox 31 397 1131 3625">
    <p class='ocr_par' dir='ltr' id='par_1_2' title="bbox 42 397 771 478">
     <span class='ocr_line' id='line_1_2' title="bbox 42 397 771 478; baseline -0.003 -16"><span class='ocrx_word' id='word_1_2' title='bbox 42 398 136 462; x_wconf 79' lang='lat' dir='ltr'>fratri</span> <span class='ocrx_word' id='word_1_3' title='bbox 159 407 248 478; x_wconf 87' lang='lat' dir='ltr'>atque</span> <span class='ocrx_word' id='word_1_4' title='bbox 269 415 373 477; x_wconf 84' lang='lat' dir='ltr'>regno,</span> <span class='ocrx_word' id='word_1_5' title='bbox 396 397 491 461; x_wconf 88' lang='lat' dir='ltr'>credis</span> <span class='ocrx_word' id='word_1_6' title='bbox 511 417 546 461; x_wconf 92' lang='lat' dir='ltr'>ac</span> <span class='ocrx_word' id='word_1_7' title='bbox 567 399 674 461; x_wconf 84' lang='lat' dir='ltr'>metuis</span> <span class='ocrx_word' id='word_1_8' title='bbox 696 399 771 461; x_wconf 89' lang='lat' dir='ltr'>mala</span> 
     </span>
    </p>

    <p class='ocr_par' dir='ltr' id='par_1_3' title="bbox 41 483 801 564">
     <span class='ocr_line' id='line_1_3' title="bbox 41 483 801 564; baseline -0.001 -17"><span class='ocrx_word' id='word_1_9' title='bbox 41 486 113 547; x_wconf 90' lang='lat' dir='ltr'>iam</span> <span class='ocrx_word' id='word_1_10' title='bbox 134 483 219 559; x_wconf 85' lang='lat' dir='ltr'>victa,</span> <span class='ocrx_word' id='word_1_11' title='bbox 241 483 300 545; x_wconf 89' lang='lat' dir='ltr'>iam</span> <span class='ocrx_word' id='word_1_12' title='bbox 321 492 474 545; x_wconf 89' lang='lat' dir='ltr'>mansueta</span> <span class='ocrx_word' id='word_1_13' title='bbox 496 492 526 545; x_wconf 90' lang='lat' dir='ltr'>et</span> <span class='ocrx_word' id='word_1_14' title='bbox 546 502 701 549; x_wconf 81' lang='lat' dir='ltr'>aerumnas</span> <span class='ocrx_word' id='word_1_15' title='bbox 723 485 801 564; x_wconf 84' lang='lat' dir='ltr'>sugis</span> 
     </span>
    </p>

    <p class='ocr_par' dir='ltr' id='par_1_4' title="bbox 40 565 778 640">
     <span class='ocr_line' id='line_1_4' title="bbox 40 565 778 640; baseline 0.001 -8"><span class='ocrx_word' id='word_1_16' title='bbox 40 571 131 632; x_wconf 75' lang='lat' dir='ltr'>liene</span> <span class='ocrx_word' id='word_1_17' title='bbox 154 565 333 640; x_wconf 78' lang='lat' dir='ltr'>collocatas?</span> <span class='ocrx_word' id='word_1_18' title='bbox 360 587 425 630; x_wconf 89' lang='lat' dir='ltr'>esse</span> <span class='ocrx_word' id='word_1_19' title='bbox 447 569 505 630; x_wconf 89' lang='lat' dir='ltr'>iam</span> <span class='ocrx_word' id='word_1_20' title='bbox 525 568 668 631; x_wconf 89' lang='lat' dir='ltr'>miserum</span> <span class='ocrx_word' id='word_1_21' title='bbox 690 570 778 633; x_wconf 87' lang='lat' dir='ltr'>iuvat.</span> 
     </span>
    </p>

    <p class='ocr_par' dir='ltr' id='par_1_5' title="bbox 40 653 755 735">
     <span class='ocr_line' id='line_1_5' title="bbox 40 653 755 735; baseline -0.003 -18"><span class='ocrx_word' id='word_1_22' title='bbox 40 655 174 717; x_wconf 83' lang='lat' dir='ltr'>reflecte</span> <span class='ocrx_word' id='word_1_23' title='bbox 195 666 339 733; x_wconf 81' lang='lat' dir='ltr'>gressum,</span> <span class='ocrx_word' id='word_1_24' title='bbox 361 654 431 715; x_wconf 91' lang='lat' dir='ltr'>dum</span> <span class='ocrx_word' id='word_1_25' title='bbox 452 653 531 728; x_wconf 87' lang='lat' dir='ltr'>licet,</span> <span class='ocrx_word' id='word_1_26' title='bbox 554 663 642 735; x_wconf 88' lang='lat' dir='ltr'>teque</span> <span class='ocrx_word' id='word_1_27' title='bbox 664 655 755 734; x_wconf 82' lang='lat' dir='ltr'>eripe.</span> 
     </span>
    </p>

    <p class='ocr_par' dir='ltr' id='par_1_6' title="bbox 41 738 932 895">
     <span class='ocr_line' id='line_1_6' title="bbox 41 738 932 820; baseline 0.002 -18"><span class='ocrx_word' id='word_1_28' title='bbox 41 760 139 802; x_wconf 75' lang='lat' dir='ltr'>‘rann</span> <span class='ocrx_word' id='word_1_29' title='bbox 182 738 264 809; x_wconf 86' lang='lat' dir='ltr'>Quae</span> <span class='ocrx_word' id='word_1_30' title='bbox 286 757 373 799; x_wconf 87' lang='lat' dir='ltr'>causa</span> <span class='ocrx_word' id='word_1_31' title='bbox 395 738 483 819; x_wconf 79' lang='lat' dir='ltr'>cogit,</span> <span class='ocrx_word' id='word_1_32' title='bbox 505 739 632 817; x_wconf 86' lang='lat' dir='ltr'>genitor,</span> <span class='ocrx_word' id='word_1_33' title='bbox 654 759 671 800; x_wconf 90' lang='lat' dir='ltr'>a</span> <span class='ocrx_word' id='word_1_34' title='bbox 692 740 786 820; x_wconf 87' lang='lat' dir='ltr'>patria</span> <span class='ocrx_word' id='word_1_35' title='bbox 809 742 932 820; x_wconf 85' lang='lat' dir='ltr'>gradum</span> 
     </span>
     <span class='ocr_line' id='line_1_7' title="bbox 44 821 692 895; baseline -0.003 -8"><span class='ocrx_word' id='word_1_36' title='bbox 44 826 167 887; x_wconf 82' lang='lat' dir='ltr'>referre</span> <span class='ocrx_word' id='word_1_37' title='bbox 188 821 270 886; x_wconf 82' lang='lat' dir='ltr'>visa?</span> <span class='ocrx_word' id='word_1_38' title='bbox 299 842 353 885; x_wconf 93' lang='lat' dir='ltr'>cur</span> <span class='ocrx_word' id='word_1_39' title='bbox 373 823 462 895; x_wconf 87' lang='lat' dir='ltr'>bonis</span> <span class='ocrx_word' id='word_1_40' title='bbox 482 823 571 886; x_wconf 92' lang='lat' dir='ltr'>tantis</span> <span class='ocrx_word' id='word_1_41' title='bbox 593 824 692 885; x_wconf 91' lang='lat' dir='ltr'>sinum</span> 
     </span>
    </p>

    <p class='ocr_par' dir='ltr' id='par_1_7' title="bbox 48 906 635 972">
     <span class='ocr_line' id='line_1_8' title="bbox 48 906 635 972; baseline -0.003 0"><span class='ocrx_word' id='word_1_42' title='bbox 48 906 220 972; x_wconf 80' lang='lat' dir='ltr'>subducis?</span> <span class='ocrx_word' id='word_1_43' title='bbox 248 909 292 970; x_wconf 93' lang='lat' dir='ltr'>ira</span> <span class='ocrx_word' id='word_1_44' title='bbox 313 909 404 970; x_wconf 88' lang='lat' dir='ltr'>frater</span> <span class='ocrx_word' id='word_1_45' title='bbox 425 908 538 971; x_wconf 88' lang='lat' dir='ltr'>abiecta</span> <span class='ocrx_word' id='word_1_46' title='bbox 559 909 635 971; x_wconf 90' lang='lat' dir='ltr'>redit</span> 
     </span>
    </p>

    <p class='ocr_par' dir='ltr' id='par_1_8' title="bbox 46 993 765 1078">
     <span class='ocr_line' id='line_1_9' title="bbox 46 993 765 1078; baseline 0 -22"><span class='ocrx_word' id='word_1_47' title='bbox 46 1002 230 1078; x_wconf 86' lang='lat' dir='ltr'>partemque</span> <span class='ocrx_word' id='word_1_48' title='bbox 252 993 336 1072; x_wconf 90' lang='lat' dir='ltr'>regni</span> <span class='ocrx_word' id='word_1_49' title='bbox 358 994 454 1055; x_wconf 88' lang='lat' dir='ltr'>reddit</span> <span class='ocrx_word' id='word_1_50' title='bbox 476 1004 504 1055; x_wconf 87' lang='lat' dir='ltr'>ct</span> <span class='ocrx_word' id='word_1_51' title='bbox 525 994 638 1055; x_wconf 80' lang='lat' dir='ltr'>lacerae</span> <span class='ocrx_word' id='word_1_52' title='bbox 659 994 765 1056; x_wconf 91' lang='lat' dir='ltr'>domus</span> 
     </span>
    </p>

    <p class='ocr_par' dir='ltr' id='par_1_9' title="bbox 48 1078 655 1160">
     <span class='ocr_line' id='line_1_10' title="bbox 48 1078 655 1160; baseline -0.007 -18"><span class='ocrx_word' id='word_1_53' title='bbox 48 1079 211 1160; x_wconf 73' lang='lat' dir='ltr'><strong>componit</strong></span> <span class='ocrx_word' id='word_1_54' title='bbox 231 1088 312 1140; x_wconf 88' lang='lat' dir='ltr'>artus</span> <span class='ocrx_word' id='word_1_55' title='bbox 333 1088 421 1159; x_wconf 85' lang='lat' dir='ltr'>teque</span> <span class='ocrx_word' id='word_1_56' title='bbox 443 1078 569 1141; x_wconf 80' lang='lat' dir='ltr'>restituit</span> <span class='ocrx_word' id='word_1_57' title='bbox 592 1079 655 1140; x_wconf 86' lang='lat' dir='ltr'>tibi.</span> 
     </span>
    </p>

    <p class='ocr_par' dir='ltr' id='par_1_10' title="bbox 43 1163 892 1244">
     <span class='ocr_line' id='line_1_11' title="bbox 43 1163 892 1244; baseline -0.001 -18"><span class='ocrx_word' id='word_1_58' title='bbox 43 1184 120 1226; x_wconf 75' lang='grc'><strong>111.</strong></span> <span class='ocrx_word' id='word_1_59' title='bbox 185 1163 308 1226; x_wconf 83' lang='lat' dir='ltr'>Causam</span> <span class='ocrx_word' id='word_1_60' title='bbox 330 1164 445 1227; x_wconf 89' lang='lat' dir='ltr'>timoris</span> <span class='ocrx_word' id='word_1_61' title='bbox 459 1163 529 1244; x_wconf 87' lang='lat' dir='ltr'>ipse</span> <span class='ocrx_word' id='word_1_62' title='bbox 552 1183 640 1244; x_wconf 86' lang='lat' dir='ltr'>quam</span> <span class='ocrx_word' id='word_1_63' title='bbox 662 1163 768 1242; x_wconf 90' lang='lat' dir='ltr'>ignoro</span> <span class='ocrx_word' id='word_1_64' title='bbox 790 1164 892 1242; x_wconf 79' lang='lat' dir='ltr'>exigis.</span> 
     </span>
    </p>

    <p class='ocr_par' dir='ltr' id='par_1_11' title="bbox 51 1248 750 1330">
     <span class='ocr_line' id='line_1_12' title="bbox 51 1248 750 1330; baseline -0.006 -18"><span class='ocrx_word' id='word_1_65' title='bbox 51 1250 132 1312; x_wconf 88' lang='lat' dir='ltr'>nibil</span> <span class='ocrx_word' id='word_1_66' title='bbox 153 1250 317 1330; x_wconf 87' lang='lat' dir='ltr'>timendum</span> <span class='ocrx_word' id='word_1_67' title='bbox 338 1249 433 1323; x_wconf 86' lang='lat' dir='ltr'>video,</span> <span class='ocrx_word' id='word_1_68' title='bbox 455 1249 506 1310; x_wconf 88' lang='lat' dir='ltr'>sed</span> <span class='ocrx_word' id='word_1_69' title='bbox 528 1248 618 1311; x_wconf 88' lang='lat' dir='ltr'>timeo</span> <span class='ocrx_word' id='word_1_70' title='bbox 641 1259 750 1311; x_wconf 89' lang='lat' dir='ltr'>tamen.</span> 
     </span>
    </p>

    <p class='ocr_par' dir='ltr' id='par_1_12' title="bbox 48 1333 842 1417">
     <span class='ocr_line' id='line_1_13' title="bbox 48 1333 842 1417; baseline 0 -21"><span class='ocrx_word' id='word_1_71' title='bbox 48 1334 153 1417; x_wconf 86' lang='lat' dir='ltr'>placet</span> <span class='ocrx_word' id='word_1_72' title='bbox 174 1335 233 1408; x_wconf 85' lang='lat' dir='ltr'>ire,</span> <span class='ocrx_word' id='word_1_73' title='bbox 256 1334 348 1414; x_wconf 91' lang='lat' dir='ltr'>pigris</span> <span class='ocrx_word' id='word_1_74' title='bbox 369 1333 501 1396; x_wconf 88' lang='lat' dir='ltr'>membra</span> <span class='ocrx_word' id='word_1_75' title='bbox 523 1335 574 1396; x_wconf 91' lang='lat' dir='ltr'>sed</span> <span class='ocrx_word' id='word_1_76' title='bbox 595 1334 722 1413; x_wconf 77' lang='lat' dir='ltr'>genibus</span> <span class='ocrx_word' id='word_1_77' title='bbox 743 1333 842 1396; x_wconf 87' lang='lat' dir='ltr'>labant</span> 
     </span>
    </p>

    <p class='ocr_par' dir='ltr' id='par_1_13' title="bbox 50 1418 743 1501">
     <span class='ocr_line' id='line_1_14' title="bbox 50 1418 743 1501; baseline -0.004 -19"><span class='ocrx_word' id='word_1_78' title='bbox 50 1420 174 1501; x_wconf 88' lang='lat' dir='ltr'>alioque</span> <span class='ocrx_word' id='word_1_79' title='bbox 196 1438 284 1501; x_wconf 89' lang='lat' dir='ltr'>quam</span> <span class='ocrx_word' id='word_1_80' title='bbox 307 1438 366 1500; x_wconf 90' lang='lat' dir='ltr'>quo</span> <span class='ocrx_word' id='word_1_81' title='bbox 389 1420 468 1481; x_wconf 90' lang='lat' dir='ltr'>nitor</span> <span class='ocrx_word' id='word_1_82' title='bbox 489 1418 634 1481; x_wconf 87' lang='lat' dir='ltr'>abductus</span> <span class='ocrx_word' id='word_1_83' title='bbox 655 1420 743 1481; x_wconf 82' lang='lat' dir='ltr'>feror.</span> 
     </span>
    </p>

    <p class='ocr_par' dir='ltr' id='par_1_14' title="bbox 49 1504 683 1584">
     <span class='ocr_line' id='line_1_15' title="bbox 49 1504 683 1584; baseline -0.003 -17"><span class='ocrx_word' id='word_1_84' title='bbox 49 1506 100 1567; x_wconf 87' lang='lat' dir='ltr'>sic</span> <span class='ocrx_word' id='word_1_85' title='bbox 123 1506 299 1567; x_wconf 79' lang='lat' dir='ltr'>concitatam</span> <span class='ocrx_word' id='word_1_86' title='bbox 321 1504 432 1584; x_wconf 86' lang='lat' dir='ltr'>remige</span> <span class='ocrx_word' id='word_1_87' title='bbox 454 1513 483 1567; x_wconf 87' lang='lat' dir='ltr'>et</span> <span class='ocrx_word' id='word_1_88' title='bbox 504 1505 569 1565; x_wconf 82' lang='lat' dir='ltr'>velo</span> <span class='ocrx_word' id='word_1_89' title='bbox 591 1513 683 1566; x_wconf 89' lang='lat' dir='ltr'>ratem</span> 
     </span>
    </p>

    <p class='ocr_par' dir='ltr' id='par_1_15' title="bbox 46 1589 699 1668">
     <span class='ocr_line' id='line_1_16' title="bbox 46 1589 699 1668; baseline -0.005 -16"><span class='ocrx_word' id='word_1_90' title='bbox 46 1601 153 1653; x_wconf 86' lang='lat' dir='ltr'>aestus</span> <span class='ocrx_word' id='word_1_91' title='bbox 174 1589 315 1652; x_wconf 85' lang='lat' dir='ltr'>resistens</span> <span class='ocrx_word' id='word_1_92' title='bbox 336 1589 440 1668; x_wconf 89' lang='lat' dir='ltr'>remigi</span> <span class='ocrx_word' id='word_1_93' title='bbox 463 1600 492 1651; x_wconf 92' lang='lat' dir='ltr'>et</span> <span class='ocrx_word' id='word_1_94' title='bbox 514 1589 578 1651; x_wconf 87' lang='lat' dir='ltr'>velo</span> <span class='ocrx_word' id='word_1_95' title='bbox 600 1592 699 1651; x_wconf 81' lang='lat' dir='ltr'>reiert.</span> 
     </span>
    </p>

    <p class='ocr_par' dir='ltr' id='par_1_16' title="bbox 46 1674 1131 1841">
     <span class='ocr_line' id='line_1_17' title="bbox 46 1674 1131 1759; baseline 0.001 -22"><span class='ocrx_word' id='word_1_96' title='bbox 46 1696 140 1738; x_wconf 71' lang='lat' dir='ltr'>naun.</span> <span class='ocrx_word' id='word_1_97' title='bbox 182 1675 293 1737; x_wconf 85' lang='lat' dir='ltr'>Evince</span> <span class='ocrx_word' id='word_1_98' title='bbox 315 1674 457 1755; x_wconf 89' lang='lat' dir='ltr'>quidquid</span> <span class='ocrx_word' id='word_1_99' title='bbox 480 1674 576 1737; x_wconf 85' lang='lat' dir='ltr'>obstat</span> <span class='ocrx_word' id='word_1_100' title='bbox 598 1685 627 1736; x_wconf 92' lang='lat' dir='ltr'>et</span> <span class='ocrx_word' id='word_1_101' title='bbox 647 1686 775 1736; x_wconf 85' lang='lat' dir='ltr'>mentem</span> <span class='ocrx_word' id='word_1_102' title='bbox 797 1674 921 1759; x_wconf 85' lang='lat' dir='ltr'>impedit</span> <span class='ocrx_word' id='word_1_103' title='bbox 1083 1688 1131 1741; x_wconf 81' lang='grc'>444</span> 
     </span>
     <span class='ocr_line' id='line_1_18' title="bbox 51 1761 809 1841; baseline -0.005 -18"><span class='ocrx_word' id='word_1_104' title='bbox 51 1762 255 1840; x_wconf 83' lang='lat' dir='ltr'>reducemque</span> <span class='ocrx_word' id='word_1_105' title='bbox 277 1771 386 1841; x_wconf 86' lang='lat' dir='ltr'>quanta</span> <span class='ocrx_word' id='word_1_106' title='bbox 407 1761 537 1841; x_wconf 89' lang='lat' dir='ltr'>praemia</span> <span class='ocrx_word' id='word_1_107' title='bbox 559 1769 716 1840; x_wconf 85' lang='lat' dir='ltr'>expectent</span> <span class='ocrx_word' id='word_1_108' title='bbox 736 1761 809 1821; x_wconf 88' lang='lat' dir='ltr'>vide.</span> 
     </span>
    </p>

    <p class='ocr_par' dir='ltr' id='par_1_17' title="bbox 47 1844 1130 2346">
     <span class='ocr_line' id='line_1_19' title="bbox 51 1844 882 1931; baseline -0.004 -23"><span class='ocrx_word' id='word_1_109' title='bbox 51 1856 150 1928; x_wconf 85' lang='lat' dir='ltr'>pater,</span> <span class='ocrx_word' id='word_1_110' title='bbox 172 1855 258 1927; x_wconf 88' lang='lat' dir='ltr'>potes</span> <span class='ocrx_word' id='word_1_111' title='bbox 279 1863 412 1923; x_wconf 89' lang='lat' dir='ltr'>regnare.</span> <span class='ocrx_word' id='word_1_112' title='bbox 457 1865 522 1907; x_wconf 84' lang='grc'><strong>111.</strong></span> <span class='ocrx_word' id='word_1_113' title='bbox 566 1844 641 1931; x_wconf 74' lang='lat' dir='ltr'>Cum</span> <span class='ocrx_word' id='word_1_114' title='bbox 663 1846 775 1926; x_wconf 88' lang='lat' dir='ltr'>possim</span> <span class='ocrx_word' id='word_1_115' title='bbox 796 1845 882 1907; x_wconf 84' lang='lat' dir='ltr'>mori.</span> 
     </span>
     <span class='ocr_line' id='line_1_20' title="bbox 47 1928 1115 2011; baseline -0.001 -19"><span class='ocrx_word' id='word_1_116' title='bbox 47 1951 139 1993; x_wconf 78' lang='lat' dir='ltr'>rann.</span> <span class='ocrx_word' id='word_1_117' title='bbox 183 1932 305 1992; x_wconf 88' lang='lat' dir='ltr'>Summa</span> <span class='ocrx_word' id='word_1_118' title='bbox 326 1939 372 1991; x_wconf 90' lang='lat' dir='ltr'>est</span> <span class='ocrx_word' id='word_1_119' title='bbox 391 1940 522 2011; x_wconf 91' lang='lat' dir='ltr'>potestas</span> <span class='ocrx_word' id='word_1_120' title='bbox 542 1964 585 1974; x_wconf 93' lang='lat'>—</span> <span class='ocrx_word' id='word_1_121' title='bbox 628 1949 692 1992; x_wconf 87' lang='grc'><strong>111.</strong></span> <span class='ocrx_word' id='word_1_122' title='bbox 735 1929 837 1992; x_wconf 85' lang='lat' dir='ltr'>Nulla:</span> <span class='ocrx_word' id='word_1_123' title='bbox 860 1930 885 1991; x_wconf 93' lang='lat' dir='ltr'>si</span> <span class='ocrx_word' id='word_1_124' title='bbox 907 1930 1009 2011; x_wconf 90' lang='lat' dir='ltr'>cupias</span> <span class='ocrx_word' id='word_1_125' title='bbox 1032 1928 1115 1999; x_wconf 80' lang='lat' dir='ltr'>nibil.</span> 
     </span>
     <span class='ocr_line' id='line_1_21' title="bbox 50 2014 1018 2097; baseline -0.001 -20"><span class='ocrx_word' id='word_1_126' title='bbox 50 2035 140 2077; x_wconf 79' lang='lat' dir='ltr'>rann.</span> <span class='ocrx_word' id='word_1_127' title='bbox 184 2015 266 2081; x_wconf 88' lang='lat' dir='ltr'>Natis</span> <span class='ocrx_word' id='word_1_128' title='bbox 286 2015 447 2096; x_wconf 84' lang='lat' dir='ltr'>relinques.</span> <span class='ocrx_word' id='word_1_129' title='bbox 492 2035 555 2077; x_wconf 85' lang='lat' dir='ltr'>rur.</span> <span class='ocrx_word' id='word_1_130' title='bbox 600 2014 666 2076; x_wconf 92' lang='lat' dir='ltr'>Non</span> <span class='ocrx_word' id='word_1_131' title='bbox 689 2016 767 2097; x_wconf 89' lang='lat' dir='ltr'>capit</span> <span class='ocrx_word' id='word_1_132' title='bbox 787 2034 914 2094; x_wconf 88' lang='lat' dir='ltr'>reguum</span> <span class='ocrx_word' id='word_1_133' title='bbox 934 2017 1018 2078; x_wconf 91' lang='lat' dir='ltr'>duos.</span> 
     </span>
     <span class='ocr_line' id='line_1_22' title="bbox 53 2098 1130 2182; baseline -0.001 -18"><span class='ocrx_word' id='word_1_134' title='bbox 53 2120 140 2164; x_wconf 79' lang='lat' dir='ltr'>naun.</span> <span class='ocrx_word' id='word_1_135' title='bbox 184 2101 274 2162; x_wconf 90' lang='lat' dir='ltr'>Miser</span> <span class='ocrx_word' id='word_1_136' title='bbox 295 2120 359 2163; x_wconf 90' lang='lat' dir='ltr'>esse</span> <span class='ocrx_word' id='word_1_137' title='bbox 381 2101 491 2163; x_wconf 85' lang='lat' dir='ltr'>mavult</span> <span class='ocrx_word' id='word_1_138' title='bbox 512 2120 577 2161; x_wconf 91' lang='lat' dir='ltr'>esse</span> <span class='ocrx_word' id='word_1_139' title='bbox 600 2100 650 2182; x_wconf 93' lang='lat' dir='ltr'>qui</span> <span class='ocrx_word' id='word_1_140' title='bbox 672 2100 743 2163; x_wconf 80' lang='lat' dir='ltr'>felix</span> <span class='ocrx_word' id='word_1_141' title='bbox 763 2098 886 2182; x_wconf 83' lang='lat' dir='ltr'>potest?</span> <span class='ocrx_word' id='word_1_142' title='bbox 1083 2113 1130 2163; x_wconf 75' lang='lat'>445</span> 
     </span>
     <span class='ocr_line' id='line_1_23' title="bbox 53 2185 950 2271; baseline 0 -23"><span class='ocrx_word' id='word_1_143' title='bbox 53 2206 122 2249; x_wconf 83' lang='lat' dir='ltr'>rar.</span> <span class='ocrx_word' id='word_1_144' title='bbox 164 2256 168 2261; x_wconf 51' lang='grc'><strong>,</strong></span> <span class='ocrx_word' id='word_1_145' title='bbox 185 2186 257 2248; x_wconf 84' lang='lat' dir='ltr'>Mihi</span> <span class='ocrx_word' id='word_1_146' title='bbox 279 2187 376 2260; x_wconf 82' lang='lat' dir='ltr'>crede,</span> <span class='ocrx_word' id='word_1_147' title='bbox 397 2186 480 2248; x_wconf 89' lang='lat' dir='ltr'>iaisis</span> <span class='ocrx_word' id='word_1_148' title='bbox 500 2204 606 2271; x_wconf 88' lang='lat' dir='ltr'>magna</span> <span class='ocrx_word' id='word_1_149' title='bbox 629 2185 802 2248; x_wconf 89' lang='lat' dir='ltr'>nominibus</span> <span class='ocrx_word' id='word_1_150' title='bbox 823 2186 950 2266; x_wconf 85' lang='lat' dir='ltr'>placent,</span> 
     </span>
     <span class='ocr_line' id='line_1_24' title="bbox 52 2271 807 2346; baseline 0 -13"><span class='ocrx_word' id='word_1_151' title='bbox 52 2273 167 2335; x_wconf 84' lang='lat' dir='ltr'>frustra</span> <span class='ocrx_word' id='word_1_152' title='bbox 191 2271 330 2335; x_wconf 84' lang='lat' dir='ltr'>timentur</span> <span class='ocrx_word' id='word_1_153' title='bbox 351 2273 433 2334; x_wconf 87' lang='lat' dir='ltr'>dura.</span> <span class='ocrx_word' id='word_1_154' title='bbox 479 2271 549 2333; x_wconf 92' lang='lat' dir='ltr'>dum</span> <span class='ocrx_word' id='word_1_155' title='bbox 572 2271 705 2333; x_wconf 84' lang='lat' dir='ltr'>excelsus</span> <span class='ocrx_word' id='word_1_156' title='bbox 726 2271 807 2346; x_wconf 89' lang='lat' dir='ltr'>steti,</span> 
     </span>
    </p>

    <p class='ocr_par' dir='ltr' id='par_1_18' title="bbox 54 2355 776 2438">
     <span class='ocr_line' id='line_1_25' title="bbox 54 2355 776 2438; baseline 0.001 -20"><span class='ocrx_word' id='word_1_157' title='bbox 54 2375 219 2437; x_wconf 90' lang='lat' dir='ltr'>numquam</span> <span class='ocrx_word' id='word_1_158' title='bbox 240 2374 349 2437; x_wconf 80' lang='lat' dir='ltr'>pavere</span> <span class='ocrx_word' id='word_1_159' title='bbox 368 2356 465 2419; x_wconf 89' lang='lat' dir='ltr'>destiti</span> <span class='ocrx_word' id='word_1_160' title='bbox 487 2366 575 2437; x_wconf 89' lang='lat' dir='ltr'>atque</span> <span class='ocrx_word' id='word_1_161' title='bbox 597 2355 695 2438; x_wconf 87' lang='lat' dir='ltr'>ipsum</span> <span class='ocrx_word' id='word_1_162' title='bbox 717 2357 776 2419; x_wconf 89' lang='lat' dir='ltr'>mei</span> 
     </span>
    </p>

    <p class='ocr_par' dir='ltr' id='par_1_19' title="bbox 54 2441 858 2523">
     <span class='ocr_line' id='line_1_26' title="bbox 54 2441 858 2523; baseline -0.001 -20"><span class='ocrx_word' id='word_1_163' title='bbox 54 2444 169 2504; x_wconf 80' lang='lat' dir='ltr'>serrum</span> <span class='ocrx_word' id='word_1_164' title='bbox 191 2442 296 2503; x_wconf 88' lang='lat' dir='ltr'>timere</span> <span class='ocrx_word' id='word_1_165' title='bbox 316 2441 426 2505; x_wconf 86' lang='lat' dir='ltr'>lateris.</span> <span class='ocrx_word' id='word_1_166' title='bbox 470 2460 488 2502; x_wconf 94' lang='lat' dir='ltr'>o</span> <span class='ocrx_word' id='word_1_167' title='bbox 511 2451 655 2523; x_wconf 89' lang='lat' dir='ltr'>quantum</span> <span class='ocrx_word' id='word_1_168' title='bbox 677 2442 791 2505; x_wconf 89' lang='lat' dir='ltr'>bonum</span> <span class='ocrx_word' id='word_1_169' title='bbox 814 2452 858 2503; x_wconf 86' lang='lat' dir='ltr'>est</span> 
     </span>
    </p>

    <p class='ocr_par' dir='ltr' id='par_1_20' title="bbox 52 2526 661 2607">
     <span class='ocr_line' id='line_1_27' title="bbox 52 2526 661 2607; baseline -0.002 -19"><span class='ocrx_word' id='word_1_170' title='bbox 52 2526 175 2588; x_wconf 87' lang='lat' dir='ltr'>obstare</span> <span class='ocrx_word' id='word_1_171' title='bbox 197 2527 282 2603; x_wconf 84' lang='lat' dir='ltr'>nulli,</span> <span class='ocrx_word' id='word_1_172' title='bbox 304 2545 410 2607; x_wconf 91' lang='lat' dir='ltr'>capere</span> <span class='ocrx_word' id='word_1_173' title='bbox 432 2545 549 2591; x_wconf 88' lang='lat' dir='ltr'>securas</span> <span class='ocrx_word' id='word_1_174' title='bbox 570 2527 661 2607; x_wconf 92' lang='lat' dir='ltr'>dapes</span> 
     </span>
    </p>

    <p class='ocr_par' dir='ltr' id='par_1_21' title="bbox 57 2611 801 2684">
     <span class='ocr_line' id='line_1_28' title="bbox 57 2611 801 2684; baseline -0.001 -11"><span class='ocrx_word' id='word_1_175' title='bbox 57 2611 141 2673; x_wconf 91' lang='lat' dir='ltr'>humi</span> <span class='ocrx_word' id='word_1_176' title='bbox 164 2612 324 2675; x_wconf 74' lang='lat' dir='ltr'>iacentem!</span> <span class='ocrx_word' id='word_1_177' title='bbox 357 2611 467 2677; x_wconf 80' lang='lat' dir='ltr'>scelera</span> <span class='ocrx_word' id='word_1_178' title='bbox 489 2631 551 2673; x_wconf 93' lang='lat' dir='ltr'>non</span> <span class='ocrx_word' id='word_1_179' title='bbox 573 2613 687 2674; x_wconf 90' lang='lat' dir='ltr'>intrant</span> <span class='ocrx_word' id='word_1_180' title='bbox 709 2629 801 2684; x_wconf 85' lang='lat' dir='ltr'>casas,</span> 
     </span>
    </p>

    <p class='ocr_par' dir='ltr' id='par_1_22' title="bbox 55 2696 725 2778">
     <span class='ocr_line' id='line_1_29' title="bbox 55 2696 725 2778; baseline -0.003 -20"><span class='ocrx_word' id='word_1_181' title='bbox 55 2706 198 2778; x_wconf 86' lang='lat' dir='ltr'>tutusque</span> <span class='ocrx_word' id='word_1_182' title='bbox 218 2714 321 2759; x_wconf 89' lang='lat' dir='ltr'>mensa</span> <span class='ocrx_word' id='word_1_183' title='bbox 343 2696 458 2778; x_wconf 91' lang='lat' dir='ltr'>capitur</span> <span class='ocrx_word' id='word_1_184' title='bbox 479 2707 603 2777; x_wconf 87' lang='lat' dir='ltr'>angusta</span> <span class='ocrx_word' id='word_1_185' title='bbox 626 2697 725 2770; x_wconf 81' lang='lat' dir='ltr'>cibus3</span> 
     </span>
    </p>

    <p class='ocr_par' dir='ltr' id='par_1_23' title="bbox 54 2779 959 2949">
     <span class='ocr_line' id='line_1_30' title="bbox 54 2779 959 2862; baseline -0.002 -21"><span class='ocrx_word' id='word_1_186' title='bbox 54 2800 204 2843; x_wconf 85' lang='lat' dir='ltr'>venenum</span> <span class='ocrx_word' id='word_1_187' title='bbox 226 2782 255 2843; x_wconf 93' lang='lat' dir='ltr'>in</span> <span class='ocrx_word' id='word_1_188' title='bbox 278 2800 352 2844; x_wconf 89' lang='lat' dir='ltr'>auro</span> <span class='ocrx_word' id='word_1_189' title='bbox 372 2781 486 2843; x_wconf 84' lang='lat' dir='ltr'>bibitur</span> <span class='ocrx_word' id='word_1_190' title='bbox 507 2816 549 2827; x_wconf 92' lang='lat'><em>-</em></span> <span class='ocrx_word' id='word_1_191' title='bbox 593 2792 732 2862; x_wconf 88' lang='lat' dir='ltr'>expertus</span> <span class='ocrx_word' id='word_1_192' title='bbox 753 2779 877 2860; x_wconf 86' lang='lat' dir='ltr'>loquor:</span> <span class='ocrx_word' id='word_1_193' title='bbox 956 2842 959 2851; x_wconf 61' lang='grc'>,</span> 
     </span>
     <span class='ocr_line' id='line_1_31' title="bbox 56 2866 830 2949; baseline -0.005 -21"><span class='ocrx_word' id='word_1_194' title='bbox 56 2867 164 2930; x_wconf 85' lang='lat' dir='ltr'>malam</span> <span class='ocrx_word' id='word_1_195' title='bbox 185 2866 282 2929; x_wconf 87' lang='lat' dir='ltr'>bonae</span> <span class='ocrx_word' id='word_1_196' title='bbox 303 2867 453 2949; x_wconf 74' lang='lat' dir='ltr'>praeferre</span> <span class='ocrx_word' id='word_1_197' title='bbox 475 2868 623 2928; x_wconf 78' lang='lat' dir='ltr'>fortunam</span> <span class='ocrx_word' id='word_1_198' title='bbox 645 2866 722 2926; x_wconf 87' lang='lat' dir='ltr'>licet.</span> <span class='ocrx_word' id='word_1_199' title='bbox 806 2922 830 2937; x_wconf 77' lang='grc'>,,</span> 
     </span>
    </p>

    <p class='ocr_par' dir='ltr' id='par_1_24' title="bbox 56 2951 785 3032">
     <span class='ocr_line' id='line_1_32' title="bbox 56 2951 785 3032; baseline -0.004 -19"><span class='ocrx_word' id='word_1_200' title='bbox 56 2972 120 3013; x_wconf 86' lang='grc'>111</span> <span class='ocrx_word' id='word_1_201' title='bbox 142 2952 251 3015; x_wconf 87' lang='lat' dir='ltr'>vertice</span> <span class='ocrx_word' id='word_1_202' title='bbox 271 2951 323 3013; x_wconf 87' lang='lat' dir='ltr'>alti</span> <span class='ocrx_word' id='word_1_203' title='bbox 343 2951 453 3014; x_wconf 91' lang='lat' dir='ltr'>montis</span> <span class='ocrx_word' id='word_1_204' title='bbox 473 2951 642 3032; x_wconf 85' lang='lat' dir='ltr'>impositam</span> <span class='ocrx_word' id='word_1_205' title='bbox 665 2952 785 3011; x_wconf 91' lang='lat' dir='ltr'>domurn</span> 
     </span>
    </p>

    <p class='ocr_par' dir='ltr' id='par_1_25' title="bbox 56 3037 673 3099">
     <span class='ocr_line' id='line_1_33' title="bbox 56 3037 673 3099; baseline -0.003 -1"><span class='ocrx_word' id='word_1_206' title='bbox 56 3048 86 3099; x_wconf 88' lang='lat' dir='ltr'>et</span> <span class='ocrx_word' id='word_1_207' title='bbox 108 3039 287 3098; x_wconf 88' lang='lat' dir='ltr'>eminentem</span> <span class='ocrx_word' id='word_1_208' title='bbox 310 3037 410 3098; x_wconf 90' lang='lat' dir='ltr'>civitas</span> <span class='ocrx_word' id='word_1_209' title='bbox 431 3037 552 3099; x_wconf 88' lang='lat' dir='ltr'>humilis</span> <span class='ocrx_word' id='word_1_210' title='bbox 573 3037 673 3099; x_wconf 89' lang='lat' dir='ltr'>tremit</span> 
     </span>
    </p>

    <p class='ocr_par' dir='ltr' id='par_1_26' title="bbox 53 3120 826 3288">
     <span class='ocr_line' id='line_1_34' title="bbox 56 3120 826 3202; baseline -0.004 -19"><span class='ocrx_word' id='word_1_211' title='bbox 56 3141 114 3184; x_wconf 93' lang='lat' dir='ltr'>nec</span> <span class='ocrx_word' id='word_1_212' title='bbox 135 3121 230 3201; x_wconf 81' lang='lat' dir='ltr'>fulget</span> <span class='ocrx_word' id='word_1_213' title='bbox 251 3121 316 3183; x_wconf 86' lang='lat' dir='ltr'>altis</span> <span class='ocrx_word' id='word_1_214' title='bbox 338 3120 524 3202; x_wconf 89' lang='lat' dir='ltr'>splendidum</span> <span class='ocrx_word' id='word_1_215' title='bbox 546 3122 631 3184; x_wconf 84' lang='lat' dir='ltr'>tectis</span> <span class='ocrx_word' id='word_1_216' title='bbox 653 3121 726 3182; x_wconf 94' lang='lat' dir='ltr'>ebur</span> <span class='ocrx_word' id='word_1_217' title='bbox 823 3184 826 3189; x_wconf 21' lang='lat'><strong>⁴</strong></span> 
     </span>
     <span class='ocr_line' id='line_1_35' title="bbox 53 3206 766 3288; baseline -0.003 -19"><span class='ocrx_word' id='word_1_218' title='bbox 53 3224 237 3288; x_wconf 89' lang='lat' dir='ltr'>somnosque</span> <span class='ocrx_word' id='word_1_219' title='bbox 259 3226 321 3268; x_wconf 91' lang='lat' dir='ltr'>non</span> <span class='ocrx_word' id='word_1_220' title='bbox 343 3206 474 3269; x_wconf 83' lang='lat' dir='ltr'>defendit</span> <span class='ocrx_word' id='word_1_221' title='bbox 494 3207 646 3285; x_wconf 84' lang='lat' dir='ltr'>excubitor</span> <span class='ocrx_word' id='word_1_222' title='bbox 667 3223 766 3282; x_wconf 80' lang='lat' dir='ltr'>meos3</span> 
     </span>
    </p>

    <p class='ocr_par' dir='ltr' id='par_1_27' title="bbox 56 3292 711 3372">
     <span class='ocr_line' id='line_1_36' title="bbox 56 3292 711 3372; baseline -0.002 -19"><span class='ocrx_word' id='word_1_223' title='bbox 56 3311 122 3357; x_wconf 88' lang='lat' dir='ltr'>non</span> <span class='ocrx_word' id='word_1_224' title='bbox 143 3292 285 3354; x_wconf 90' lang='lat' dir='ltr'>classibus</span> <span class='ocrx_word' id='word_1_225' title='bbox 308 3292 456 3372; x_wconf 89' lang='lat' dir='ltr'>piscamur</span> <span class='ocrx_word' id='word_1_226' title='bbox 477 3304 507 3355; x_wconf 90' lang='lat' dir='ltr'>et</span> <span class='ocrx_word' id='word_1_227' title='bbox 528 3303 608 3353; x_wconf 91' lang='lat' dir='ltr'>retro</span> <span class='ocrx_word' id='word_1_228' title='bbox 630 3310 711 3352; x_wconf 89' lang='lat' dir='ltr'>mare</span> 
     </span>
    </p>

    <p class='ocr_par' dir='ltr' id='par_1_28' title="bbox 31 3376 811 3541">
     <span class='ocr_line' id='line_1_37' title="bbox 58 3376 811 3456; baseline -0.004 -18"><span class='ocrx_word' id='word_1_229' title='bbox 58 3378 132 3439; x_wconf 90' lang='lat' dir='ltr'>iacta</span> <span class='ocrx_word' id='word_1_230' title='bbox 153 3379 289 3456; x_wconf 81' lang='lat' dir='ltr'>fugamus</span> <span class='ocrx_word' id='word_1_231' title='bbox 310 3377 389 3437; x_wconf 90' lang='lat' dir='ltr'>mole</span> <span class='ocrx_word' id='word_1_232' title='bbox 411 3395 466 3438; x_wconf 87' lang='lat' dir='ltr'>nec</span> <span class='ocrx_word' id='word_1_233' title='bbox 487 3389 620 3438; x_wconf 86' lang='lat' dir='ltr'>ventrem</span> <span class='ocrx_word' id='word_1_234' title='bbox 641 3376 811 3456; x_wconf 89' lang='lat' dir='ltr'>improbum</span> 
     </span>
     <span class='ocr_line' id='line_1_38' title="bbox 31 3461 682 3541; baseline -0.002 -19"><span class='ocrx_word' id='word_1_235' title='bbox 31 3462 163 3523; x_wconf 62' lang='lat' dir='ltr'>&amp;alimus</span> <span class='ocrx_word' id='word_1_236' title='bbox 184 3461 298 3523; x_wconf 89' lang='lat' dir='ltr'>tributo</span> <span class='ocrx_word' id='word_1_237' title='bbox 320 3461 466 3541; x_wconf 87' lang='lat' dir='ltr'>gentium,</span> <span class='ocrx_word' id='word_1_238' title='bbox 489 3462 589 3523; x_wconf 93' lang='lat' dir='ltr'>nullus</span> <span class='ocrx_word' id='word_1_239' title='bbox 609 3462 682 3523; x_wconf 90' lang='lat' dir='ltr'>mihi</span> 
     </span>
    </p>

    <p class='ocr_par' dir='ltr' id='par_1_29' title="bbox 58 3546 695 3625">
     <span class='ocr_line' id='line_1_39' title="bbox 58 3546 695 3625; baseline 0 -17"><span class='ocrx_word' id='word_1_240' title='bbox 58 3547 134 3608; x_wconf 89' lang='lat' dir='ltr'>ultra</span> <span class='ocrx_word' id='word_1_241' title='bbox 157 3546 243 3611; x_wconf 85' lang='lat' dir='ltr'>Getas</span> <span class='ocrx_word' id='word_1_242' title='bbox 264 3556 392 3608; x_wconf 87' lang='lat' dir='ltr'>metatur</span> <span class='ocrx_word' id='word_1_243' title='bbox 414 3557 443 3608; x_wconf 85' lang='lat' dir='ltr'>et</span> <span class='ocrx_word' id='word_1_244' title='bbox 463 3546 588 3609; x_wconf 85' lang='lat' dir='ltr'>Parthos</span> <span class='ocrx_word' id='word_1_245' title='bbox 610 3564 695 3625; x_wconf 82' lang='lat' dir='ltr'>ager3</span> 
     </span>
    </p>
   </div>
   <div class='ocr_carea' id='block_1_3' title="bbox 59 3708 1131 3848">
    <p class='ocr_par' dir='ltr' id='par_1_30' title="bbox 59 3708 1131 3848">
     <span class='ocr_line' id='line_1_40' title="bbox 144 3708 1131 3780; baseline -0.003 -14"><span class='ocrx_word' id='word_1_246' title='bbox 144 3717 193 3767; x_wconf 73' lang='lat'>425</span> <span class='ocrx_word' id='word_1_247' title='bbox 211 3714 315 3768; x_wconf 84' lang='lat' dir='ltr'>ir.·-cr.</span> <span class='ocrx_word' id='word_1_248' title='bbox 333 3720 361 3766; x_wconf 79' lang='lat' dir='ltr'>ct</span> <span class='ocrx_word' id='word_1_249' title='bbox 382 3729 412 3766; x_wconf 88' lang='lat' dir='ltr'>ac</span> <span class='ocrx_word' id='word_1_250' title='bbox 429 3730 463 3765; x_wconf 89' lang='lat' dir='ltr'>m.</span> <span class='ocrx_word' id='word_1_251' title='bbox 479 3729 514 3765; x_wconf 84' lang='lat' dir='ltr'>nr.</span> <span class='ocrx_word' id='word_1_252' title='bbox 537 3715 658 3780; x_wconf 71' lang='lat' dir='ltr'>propriis</span> <span class='ocrx_word' id='word_1_253' title='bbox 682 3713 801 3764; x_wconf 75' lang='lat' dir='ltr'>versibus</span> <span class='ocrx_word' id='word_1_254' title='bbox 817 3711 843 3762; x_wconf 80' lang='grc' dir='ltr'><em>Ε</em></span> <span class='ocrx_word' id='word_1_255' title='bbox 915 3712 964 3763; x_wconf 83' lang='grc'><strong>428</strong></span> <span class='ocrx_word' id='word_1_256' title='bbox 982 3708 1131 3763; x_wconf 68' lang='lat' dir='ltr'>deflectent</span> 
     </span>
     <span class='ocr_line' id='line_1_41' title="bbox 59 3778 1130 3848; baseline -0.006 -14"><span class='ocrx_word' id='word_1_257' title='bbox 59 3784 111 3837; x_wconf 83' lang='grc'><strong>436</strong></span> <span class='ocrx_word' id='word_1_258' title='bbox 128 3782 175 3834; x_wconf 87' lang='grc'><strong>111)</strong></span> <span class='ocrx_word' id='word_1_259' title='bbox 192 3782 301 3848; x_wconf 87' lang='lat' dir='ltr'>genibus</span> <span class='ocrx_word' id='word_1_260' title='bbox 317 3778 343 3833; x_wconf 79' lang='grc' dir='ltr'><em>Ε</em></span> <span class='ocrx_word' id='word_1_261' title='bbox 360 3785 419 3847; x_wconf 76' lang='lat' dir='ltr'>trie)</span> <span class='ocrx_word' id='word_1_262' title='bbox 478 3782 529 3834; x_wconf 80' lang='grc'><strong>438</strong></span> <span class='ocrx_word' id='word_1_263' title='bbox 547 3788 625 3835; x_wconf 87' lang='lat' dir='ltr'>vento</span> <span class='ocrx_word' id='word_1_264' title='bbox 642 3786 723 3843; x_wconf 71' lang='lat' dir='ltr'>ratem</span> <span class='ocrx_word' id='word_1_265' title='bbox 740 3782 766 3833; x_wconf 83' lang='lat' dir='ltr'><em>A</em></span> <span class='ocrx_word' id='word_1_266' title='bbox 824 3782 874 3833; x_wconf 86' lang='grc'><strong>439</strong></span> <span class='ocrx_word' id='word_1_267' title='bbox 892 3784 979 3831; x_wconf 85' lang='lat' dir='ltr'>aestus</span> <span class='ocrx_word' id='word_1_268' title='bbox 996 3792 1130 3847; x_wconf 86' lang='lat' dir='ltr'>resurgens</span> 
     </span>
    </p>
   </div>
   <div class='ocr_carea' id='block_1_4' title="bbox 60 3844 1240 3918">
    <p class='ocr_par' dir='ltr' id='par_1_31' title="bbox 60 3844 1240 3918">
     <span class='ocr_line' id='line_1_42' title="bbox 60 3844 1240 3918; baseline -0.004 -18"><span class='ocrx_word' id='word_1_269' title='bbox 60 3851 88 3900; x_wconf 74' lang='lat' dir='ltr'>A.</span> <span class='ocrx_word' id='word_1_270' title='bbox 152 3854 203 3903; x_wconf 85' lang='grc'>440</span> <span class='ocrx_word' id='word_1_271' title='bbox 220 3850 341 3918; x_wconf 85' lang='lat' dir='ltr'>pervince</span> <span class='ocrx_word' id='word_1_272' title='bbox 358 3852 384 3901; x_wconf 82' lang='lat' dir='ltr'><em>A</em></span> <span class='ocrx_word' id='word_1_273' title='bbox 457 3847 749 3916; x_wconf 76' lang='grc'><strong>4524111111144.-</strong></span> <span class='ocrx_word' id='word_1_274' title='bbox 772 3862 878 3901; x_wconf 89' lang='lat' dir='ltr'>c.a.c.</span> <span class='ocrx_word' id='word_1_275' title='bbox 897 3850 927 3898; x_wconf 83' lang='lat' dir='ltr'>in</span> <span class='ocrx_word' id='word_1_276' title='bbox 945 3851 1063 3899; x_wconf 71' lang='lat' dir='ltr'>extremo</span> <span class='ocrx_word' id='word_1_277' title='bbox 1080 3844 1130 3909; x_wconf 70' lang='lat' dir='ltr'>lod.</span> <span class='ocrx_word' id='word_1_278' title='bbox 1236 3866 1240 3878; x_wconf 77' lang='lat'>=</span> 
     </span>
    </p>
   </div>
   <div class='ocr_carea' id='block_1_5' title="bbox 58 3910 1132 4040">
    <p class='ocr_par' dir='ltr' id='par_1_32' title="bbox 58 3910 1132 4040">
     <span class='ocr_line' id='line_1_43' title="bbox 60 3910 1132 3986; baseline -0.002 -18"><span class='ocrx_word' id='word_1_279' title='bbox 60 3918 121 3970; x_wconf 73' lang='grc' dir='ltr'>125υ</span> <span class='ocrx_word' id='word_1_280' title='bbox 141 3936 192 3986; x_wconf 82' lang='lat' dir='ltr'>per</span> <span class='ocrx_word' id='word_1_281' title='bbox 215 3919 377 3971; x_wconf 72' lang='lat' dir='ltr'>scholiorum</span> <span class='ocrx_word' id='word_1_282' title='bbox 396 3934 520 3969; x_wconf 73' lang='lat' dir='ltr'>rasurum</span> <span class='ocrx_word' id='word_1_283' title='bbox 544 3916 615 3969; x_wconf 77' lang='lat' dir='ltr'>daero</span> <span class='ocrx_word' id='word_1_284' title='bbox 641 3923 667 3968; x_wconf 83' lang='lat' dir='ltr'>et</span> <span class='ocrx_word' id='word_1_285' title='bbox 688 3918 789 3984; x_wconf 80' lang='lat' dir='ltr'>partim</span> <span class='ocrx_word' id='word_1_286' title='bbox 812 3915 830 3968; x_wconf 83' lang='lat'><em>2</em></span> <span class='ocrx_word' id='word_1_287' title='bbox 848 3930 933 3968; x_wconf 77' lang='lat' dir='ltr'>mareu</span> <span class='ocrx_word' id='word_1_288' title='bbox 956 3920 1086 3985; x_wconf 66' lang='lat' dir='ltr'>renovata</span> <span class='ocrx_word' id='word_1_289' title='bbox 1106 3910 1132 3966; x_wconf 79' lang='grc' dir='ltr'><em>Ε</em></span> 
     </span>
     <span class='ocr_line' id='line_1_44' title="bbox 58 3985 506 4040; baseline -0.009 0"><span class='ocrx_word' id='word_1_290' title='bbox 58 3988 224 4040; x_wconf 86' lang='grc' dir='ltr'><strong>460111Α</strong></span> <span class='ocrx_word' id='word_1_291' title='bbox 292 3988 341 4040; x_wconf 91' lang='grc'><strong>462</strong></span> <span class='ocrx_word' id='word_1_292' title='bbox 360 3986 464 4038; x_wconf 86' lang='lat' dir='ltr'>metitur</span> <span class='ocrx_word' id='word_1_293' title='bbox 479 3985 506 4037; x_wconf 83' lang='grc' dir='ltr'><em>Α</em></span> 
     </span>
    </p>
   </div>
   <div class='ocr_carea' id='block_1_6' title="bbox 0 0 1350 4488">
    <p class='ocr_par' dir='ltr' id='par_1_33' title="bbox 0 0 1350 4488">
     <span class='ocr_line' id='line_1_45' title="bbox 0 0 1350 4488; baseline 0 0"><span class='ocrx_word' id='word_1_294' title='bbox 0 0 1350 4488; x_wconf 95' lang='lat' dir='ltr'> </span> 
     </span>
    </p>
   </div>
  </div>
 </body>
</html>
