2790 4494
626 254 755 299 recubus

155 401 302 463 celebrate
323 400 440 481 Pyrrhi,
462 401 600 480 Troades,
624 405 761 484 conubia,

146 486 301 555 ‚celebrate
324 486 427 565 digne:
458 486 595 567 planctus
618 500 648 552 et
670 493 796 570 gemitus
818 502 914 556 sonet.

154 592 220 633 nen.
264 571 389 633 Ratione
413 574 543 651 quamvis
566 585 662 637 careat
686 584 715 637 et
735 578 814 639 flecti
836 589 925 658 neget

153 676 280 737 magnus
302 657 387 718 dolor
409 658 565 738 sociosque
588 679 813 742 nonnumquam
836 665 884 726 sui

153 742 296 804 maeroris
319 744 400 822 ipsos
423 742 532 819 oderit:
568 762 684 807 causam
707 755 804 810 tamen

154 846 277 908 possum
299 827 376 889 tueri
398 827 495 889 iudice
516 829 623 890 infesto
646 849 751 908 meam,

155 913 286 993 graviora
309 931 403 992 passa.
446 911 527 992 luget
549 915 754 978 Andromacha
776 917 934 981 Hectorem

155 1007 185 1061 et
206 996 326 1059 Hecube
348 997 512 1059 Priamum:
546 999 627 1062 solus
650 1001 765 1063 occulte
787 1002 869 1064 Paris

153 1084 301 1162 lugendus
322 1081 453 1145 Helenae
475 1091 528 1146 est.
573 1084 680 1146 durum
703 1096 734 1148 et
753 1087 881 1150 invisum
904 1100 934 1153 et
955 1107 1041 1169 grave
1063 1100 1107 1153 est

153 1168 270 1230 servitia
292 1165 392 1229 ferre‘l
422 1169 518 1248 patior
539 1169 596 1231 boo
618 1171 688 1232 olim
710 1172 823 1251 iugum,

153 1253 240 1315 annis
262 1253 363 1314 decem
380 1255 507 1333 captiva.
552 1263 732 1334 prostratum
755 1257 841 1320 llium
865 1268 918 1336 est,

152 1338 229 1400 versi
251 1335 396 1417 penates?
424 1339 549 1418 perdere
571 1348 616 1401 est
637 1342 760 1420 patriam
783 1361 880 1422 grave,

153 1424 270 1503 gravius
293 1424 405 1485 timere.
449 1442 501 1484 vos
523 1424 598 1486 levat
619 1427 692 1487 tanti
714 1427 783 1488 mali

153 1509 326 1573 comitatus:
356 1509 388 1569 in
411 1527 458 1569 me
481 1508 573 1570 victor
596 1520 625 1571 et
646 1511 740 1573 victus
761 1513 843 1574 lurit.

154 1613 241 1675 quam
264 1595 391 1673 quisque
413 1594 551 1656 famulam
572 1596 703 1657 traheret
725 1598 839 1659 incerto
862 1599 912 1661 diu

153 1698 223 1741 casu
246 1679 401 1759 pependit:
430 1697 478 1740 me
500 1698 585 1740 meus
606 1681 694 1742 traxit
715 1682 812 1749 statim

152 1765 218 1826 sine
238 1772 320 1826 sorte
341 1764 489 1826 dominus.
534 1783 621 1826 cause
643 1765 789 1829 bellorum
811 1768 854 1830 lui

151 1859 309 1930 tantaeque
330 1849 453 1910 Teucris
476 1847 589 1913 cladis?
619 1851 677 1912 hoc
698 1870 800 1914 verum
822 1863 904 1933 pute,

152 1936 297 2015 Spartana
318 1935 428 2014 puppis
451 1944 545 1995 vestra
567 1935 591 1996 si
614 1937 710 1997 secuit
730 1938 819 2013 ireta;

152 2021 200 2082 sin
222 2030 305 2100 rapta
328 2019 462 2100 Phrygiis
484 2021 593 2099 praeda
614 2020 776 2100 remigibus
798 2022 842 2084 lui

95 2101 99 2109 '
152 2106 292 2186 deditque
313 2105 425 2166 donum
447 2105 536 2167 iudici
558 2105 663 2167 victrix
685 2107 747 2184 dea,

150 2192 273 2270 ignosce
295 2190 429 2270 praedae.
474 2191 602 2256 iudicem
623 2191 729 2253 iratum
752 2211 817 2255 mea

150 2275 285 2337 habitura
307 2293 394 2336 causa
417 2282 475 2336 est:
505 2275 560 2337 ista
581 2276 745 2339 Menelaum
768 2286 890 2342 manent

151 2361 280 2424 arbitria.
325 2378 407 2421 nunc
430 2361 507 2421 banc
528 2361 657 2422 luctibus
680 2363 800 2442 paulum
822 2364 892 2438 tuis,

151 2445 366 2521 Andromacha,
390 2444 507 2506 omissis
529 2446 613 2507 llecte
634 2481 676 2492 -
698 2448 745 2509 rix
765 2448 899 2511 lacrimas
922 2467 999 2530 queo
1178 2460 1223 2513 925

150 2533 289 2595 retinere.
353 2549 440 2591 nune.
477 2530 626 2602 Quantum
649 2543 694 2594 est
715 2533 827 2595 Helena
850 2534 929 2615 quod
951 2534 1082 2597 lacrimat
1103 2534 1222 2599 malum.

151 2635 205 2678 cur
226 2616 358 2678 lacrimat
379 2611 498 2677 autem?
526 2616 588 2677 lare
610 2634 686 2695 quos
708 2618 826 2680 lthacus
848 2619 941 2693 dolos,

151 2721 226 2782 quae
249 2701 360 2762 scelera
382 2708 495 2775 nectat;
526 2712 626 2763 utrum
648 2701 684 2763 ab
706 2702 800 2764 ldeeis
822 2704 899 2782 iugis

149 2787 283 2850 iactanda
305 2786 388 2863 virgo
411 2795 464 2860 est,
488 2785 563 2847 arcis
585 2805 623 2847 an
646 2787 741 2848 celsae
764 2788 841 2850 edito

149 2873 290 2934 mittenda
312 2868 405 2931 saxo?
433 2889 505 2932 num
527 2890 582 2951 per
603 2871 656 2932 has
676 2880 798 2934 vastum·
813 2874 843 2934 in
866 2872 946 2934 mare
1177 2884 1223 2936 999

149 2956 289 3019 volvenda
311 2973 412 3035 rupes,
434 2955 524 3017 latere
546 2974 619 3036 ques
640 2957 733 3018 scisso
755 2957 830 3019 levat

149 3044 241 3105 altum
263 3041 370 3102 vadoso
393 3041 503 3119 Sigeon
526 3051 663 3120 spectans
684 3040 775 3104 sinui

150 3126 207 3203 dic,
229 3128 300 3202 lare,
324 3125 467 3205 quidquid
489 3125 614 3188 subdolo
637 3127 719 3188 vultu
740 3127 825 3206 tegis.

148 3212 257 3274 leviora
278 3211 354 3272 mala
375 3219 446 3272 sunt
468 3221 585 3286 cuncta,
608 3230 695 3291 quam
717 3211 826 3274 Priami
848 3229 941 3290 gener

149 3296 347 3376 Hecubaeque
368 3294 509 3375 Pyrrhus.
553 3296 625 3373 lare,
649 3316 737 3377 quam
759 3316 885 3378 poenam
907 3315 995 3377 pares
1176 3307 1221 3360 935

150 3400 290 3463 exprome
312 3390 342 3442 et
363 3399 457 3443 unum
480 3381 537 3441 boc
558 3381 643 3444 deme
666 3383 776 3444 nostris
799 3382 941 3459 cladibus,

233 3567 283 3617 992
301 3564 373 3631 digni
389 3568 415 3629 ς.
427 3570 562 3616 -sonent
573 3565 599 3614 A
647 3568 697 3619 914
715 3566 797 3619 victus
816 3571 842 3617 et
858 3565 940 3619 victor
957 3564 983 3615 A
1033 3565 1083 3617 916
1101 3562 1178 3615 trahit
1196 3563 1220 3615 Ε

148 3635 199 3686 918
223 3637 344 3700 tantaque
365 3632 460 3685 teucris
482 3632 610 3685 clndesb'
696 3636 745 3687 919
768 3637 887 3702 spartane
906 3647 992 3701 puppe
1008 3637 1093 3684 vestra
1111 3631 1133 3683 si
1151 3631 1222 3684 secui

146 3702 210 3753 freta
228 3701 253 3752 Ε
347 3703 398 3753 929
420 3699 525 3768 phygiis
542 3700 567 3751 Ε
661 3704 710 3755 922
733 3701 938 3782 ignoscerent
957 3700 1033 3753 codd.
1052 3702 1161 3752 corraei
1184 3698 1219 3760 cf.

147 3786 169 3850 1,
186 3785 245 3839 222.
262 3813 300 3865 .‘'.
319 3784 413 3836 iratum
435 3789 496 3851 puta
517 3784 543 3835 A
628 3787 677 3837 923
700 3785 776 3837 istam
797 3785 866 3838 mille
889 3786 993 3838 navium
1014 3790 1117 3837 manent
1138 3783 1221 3834 rioE

147 3853 480 4042 {breinabbbt'bltbnssssinffl
499 3852 942 3990 illicebrae?sigbboEspeobbb
953 3854 1043 3977 bbbbbr
1052 3850 1222 3972 §dibi-{egit

186 4005 298 4041 onoorus
