2648 4478
441 227 480 270 nn
501 227 630 271 nuscum
653 227 776 271 omaro.
898 254 907 259 -
982 214 986 223 ’
1105 214 1145 276 73

16 404 18 423 1
95 377 148 439 irre
165 395 276 440 omnem
298 377 421 439 modam
444 377 602 457 egreditur,
628 379 818 440 innocentem
840 378 896 440 sibi
918 379 1059 456 animum,
1081 399 1147 444 sce·

95 462 182 524 lectam
200 480 319 524 manum
342 481 407 525 esse
428 463 577 543 praedicat
597 465 696 540 (964),
718 463 848 543 denique
864 465 1008 527 moritura
1022 466 1146 529 excedit.

166 549 189 609 si
209 566 332 627 qeraeras
354 548 536 627 qni‘lactnm
559 548 598 608 sit
618 556 653 611 ut
673 557 732 609 tam
757 557 859 628 aperte
881 559 969 629 poeta
989 559 1048 613 tam
1065 550 1147 614 brari

93 632 228 694 intervallo
249 652 267 694 a
287 652 320 694 se
342 633 471 708 defluat,
498 642 531 695 ut
553 632 676 694 eandem
697 651 773 712 quae
795 635 892 695 sciens
915 635 1036 715 coniugi
1058 655 1146 698 vene-
1188 706 1194 711 ,

94 736 154 779 nun
178 718 291 780 miserit
318 718 419 780 eadem
441 734 474 779 re
496 717 598 779 dolore
620 718 816 780 insanientem
838 719 940 796 saciat,
968 738 1146 801 responsum

92 801 201 864 arose
223 802 303 864 dabit
323 802 481 882 Sophoclis
502 802 659 882 tragoedia
698 803 784 865 cuius
806 803 941 865 Deianira
964 817 993 866 et
1012 806 1148 868 moribus

92 896 117 947 ct
135 888 231 950 affectu
254 904 403 950 summum
425 888 574 966 exemplar
594 896 653 948 est:
677 888 782 950 uolens
802 890 969 967 sciensque,
992 900 1027 952 ut
1047 909 1145 971 saepe,

91 973 252 1034 mntrariam
275 972 372 1034 edocit
391 973 513 1034 Seneca.
543 972 580 1033 cl.
596 990 623 1032 v.
640 974 701 1036 543

280 1051 343 1138 dyoi
366 1055 402 1120 dd
422 1057 622 1137 θυμοῦσθαι
644 1056 704 1138 μὲν
726 1049 785 1121 οὐκ
806 1053 990 1138 ἐπίσταμαι

279 1142 433 1206 νοσοῦντι
454 1145 551 1224 κείνῳ
573 1138 685 1220 πολλὰ
704 1140 784 1228 τῇδε
804 1148 845 1228 τῇ
867 1139 965 1250 ordorp.

194 1229 256 1291 582
277 1224 377 1302 κακὰς
400 1225 437 1292 dd
457 1223 584 1306 τόλμας
605 1224 684 1311 μήτ’
708 1225 908 1311 ἐπισταίμην
930 1225 993 1310 ayo)
1094 1268 1097 1273 «

278 1308 356 1394 μήτ’
379 1309 571 1393 ἐκμάθοιμι.
603 1310 664 1388 τὰς
686 1311 722 1376 δὲ
743 1310 918 1392 corporae
941 1313 1058 1394 στυγῶ.

88 1394 115 1456 in
129 1396 281 1477 conloquio
296 1398 347 1459 illo
361 1398 539 1478 Sophoclem
552 1417 590 1459 ne
601 1398 722 1478 respicit
733 1398 861 1478 quinem,
873 1400 969 1461 donec
979 1399 1011 1460 in
1022 1417 1146 1462 scaenae

16 1502 17 1541 ι
87 1480 139 1541 1οι
157 1482 263 1544 Lichae
284 1484 372 1544 vestis
393 1492 428 1544 ut
448 1484 525 1563 apud
547 1482 630 1543 illurn
652 1484 786 1544 traditur.
817 1492 920 1544 contra
935 1484 1088 1546 Deianirae
1110 1484 1146 1546 de

88 1563 145 1626 lana
170 1568 313 1646 sanguine
343 1576 518 1648 consumpta
547 1567 678 1631 narratio
707 1568 803 1630 omnis
825 1587 963 1649 expressa
987 1577 1031 1630 est
1052 1587 1069 1629 o
1091 1568 1146 1631 So·

16 1658 17 1705 5
87 1648 195 1729 phocle,
217 1654 357 1731 quamvis
379 1655 415 1715 ad
437 1653 567 1733 priorem
590 1672 726 1715 scaenam
749 1672 852 1732 parum
875 1653 1007 1732 quadret.
1053 1654 1146 1714 etsie

16 1756 17 1789 1
87 1735 322 1817 insequentibus
337 1738 495 1818 Sophoclis
517 1739 683 1817 exemplum
706 1738 819 1817 ubique
840 1745 944 1817 poetae
959 1747 1028 1800 ante
1043 1739 1147 1800 ocules

16 1888 18 1897 ,
87 1831 221 1884 omnum
254 1830 314 1898 est,
351 1824 453 1903 inepte
486 1823 693 1903 amplificatum
721 1823 901 1884 Philoctetae
930 1822 1146 1902 Alcmenaeque

87 1907 220 1984 personis.
265 1908 401 1969 conferas
423 1909 481 1972 831
508 1927 576 1969 eum
599 1907 704 1970 Trach.
730 1911 810 1973 1053
834 1926 894 1988 sq.;
931 1910 1011 1971 1424
1035 1926 1081 1987 sq.
1105 1942 1145 1954 -

16 2022 17 2071 5
88 1988 128 2052 Tr.
137 1992 214 2067 9413
241 1996 323 2058 1448
336 2011 380 2072 sq.
393 2026 435 2038 -
447 1993 496 2055 Tr.
511 1996 593 2058 1036
605 2012 649 2073 sq.
669 1996 750 2057 1130
763 2011 824 2073 sq.;
847 1994 884 2054 de
902 1996 981 2058 1473
994 2013 1038 2073 sq.
1055 2013 1146 2075 supra

87 2074 302 2163 disputarimus3
329 2079 409 2141 1485
425 2098 469 2158 sq.
488 2111 525 2122 -
542 2079 593 2138 Tr.
612 2080 693 2142 1193
709 2097 754 2157 sq.
777 2078 840 2140 alia.

16 2210 17 2213 ,
159 2181 219 2223 non
243 2163 452 2224 contendimus
474 2164 529 2224 hac
552 2163 806 2242 argumentatione
828 2162 1050 2242 comprobatum
1080 2181 1145 2224 esse

16 2252 17 2255 ’
86 2243 116 2305 rb
135 2246 196 2325 ipso
219 2266 245 2308 v.
261 2249 323 2312 706
339 2247 555 2310 continuatoris
569 2266 690 2329 operam
706 2247 855 2328 incipere;
879 2250 968 2308 immo
984 2256 1055 2308 sunt
1069 2266 1145 2327 quae

16 2402 17 2409 ἵ
86 2328 214 2392 iuducere
237 2333 405 2411 quempiam
427 2332 545 2412 possint
566 2341 599 2393 ut
621 2332 678 2394 iam
701 2351 824 2394 scaenae
846 2351 932 2411 quam
956 2333 1144 2394 tractavimus

16 2416 18 2497 ζ
85 2414 161 2476 finem
181 2416 236 2477 alia
258 2435 349 2478 manu
371 2417 510 2479 adsutum
532 2424 633 2497 putet·
659 2418 712 2478 sed
733 2427 802 2498 post
823 2417 900 2478 illam
923 2435 1058 2478 scaenam
1082 2438 1143 2478 non

16 2506 17 2515 ³
86 2500 193 2562 eandem
223 2519 394 2582 comparere
417 2502 583 2563 Deianiram
613 2520 689 2581 quae
717 2521 784 2563 cum
814 2502 930 2564 nutrice
953 2500 1143 2580 conloquium

16 2640 17 2667 q
85 2582 174 2648 babuit
196 2586 414 2648 demonstrasse
436 2587 523 2648 nobis
537 2587 679 2649 videmur.
710 2587 765 2648 iam
783 2588 808 2648 si
823 2587 953 2667 priorem
969 2586 1145 2666 disputatio·

86 2685 142 2730 nem
162 2672 193 2731 in
217 2680 346 2732 mentem
369 2672 566 2746 revocaveris,
596 2673 699 2733 eodem
721 2673 784 2734 tere
805 2672 887 2749 loco,
918 2672 949 2732 in
977 2689 1036 2750 quo
1064 2690 1144 2732 nuno

85 2751 236 2831 haesimus,
271 2764 385 2835 partem
415 2756 478 2818 aliis
507 2758 542 2818 de
570 2757 667 2818 causis
696 2757 783 2818 nobis
811 2765 979 2836 suspectam
1010 2756 1143 2816 incohari

85 2841 251 2903 memineris.
289 2841 388 2920 itaque
410 2841 556 2902 hocloco
579 2842 701 2903 desiisse
723 2841 876 2916 Senecam,
899 2839 1045 2919 incepisse
1061 2841 1144 2900 coni-

86 2922 166 2986 cimus
188 2926 426 2987 continuatorem
449 2926 500 3004 qui
523 2926 615 2987 artius
636 2946 668 2988 se
690 2927 725 2987 ad
741 2925 898 3005 Sophoclis
919 2923 1069 3002 exemplar
1092 2942 1144 3004 ap-

85 3007 219 3084 plicuerit,
241 3011 373 3072 Senecae
395 3010 522 3073 lectione
544 3011 626 3073 valde
641 3011 772 3073 imbutus
787 3009 837 3071 ille
856 3019 886 3071 et
901 3008 1145 3071 scholasticorum

86 3090 204 3156 doctrina
226 3095 447 3157 refertissimus.

156 3179 194 3242 ita
217 3180 383 3261 explicatur
404 3180 456 3259 qui
477 3181 587 3242 lactum
609 3179 648 3240 sit
669 3189 703 3242 ut
724 3180 803 3242 inter
823 3179 954 3241 Senecae
980 3180 1145 3258 tragoedias

16 3268 17 3271 ’
87 3257 144 3323 huic
162 3264 279 3327 fabulae
301 3265 384 3326 locus
407 3264 575 3345 contigerit.
605 3273 634 3325 at
652 3265 752 3343 quaeri
768 3264 862 3344 possit
877 3282 931 3326 cur
944 3263 1145 3344 imperfectam

16 3378 17 3421 3
87 3362 138 3407 eam
158 3349 269 3411 Seneca
292 3349 446 3428 reliquerit
468 3358 497 3411 et
519 3351 634 3429 qualem
652 3349 717 3428 ipsc
733 3350 823 3410 linem
839 3350 870 3411 in
885 3359 984 3412 mente
999 3349 1144 3410 habuerit.

16 3458 17 3465 ¹
87 3445 146 3507 quas
160 3434 348 3512 quaestiones
361 3453 422 3495 non
434 3434 557 3496 dixerim
568 3452 692 3513 prorsus
704 3434 813 3496 otiosas
824 3452 898 3495 esse.
922 3433 1050 3512 primurn
1065 3433 1145 3494 enim

16 3542 18 3597 ῥ
87 3512 146 3578 duas
166 3537 286 3580 scaenas
301 3519 444 3581 habemus
459 3519 537 3581 inter
552 3538 584 3581 se
598 3518 646 3579 rin
663 3518 870 3581 cohaerentes:
894 3516 1038 3596 siquidem
1054 3535 1144 3579 unam

16 3624 18 3697 q
85 3594 196 3663 lrbulam
220 3604 337 3666 duobus
355 3604 429 3665 locis
443 3604 488 3682 agi
504 3622 520 3664 a
536 3604 665 3665 Senecae
680 3613 742 3665 arte
757 3611 888 3664 ceterum
904 3610 1075 3664 constanter
1091 3602 1144 3664 ob·

87 3695 183 3748 senata
204 3688 335 3763 alienum
357 3698 402 3750 est
424 3691 462 3765 (v.
478 3708 508 3769 p.
526 3690 589 3763 81).
620 3689 726 3749 deinde
745 3687 872 3767 captivas
889 3705 963 3766 quae
978 3706 1003 3747 v.
1023 3688 1083 3750 135
1099 3705 1144 3766 sq.

87 3771 204 3859 nendum
226 3774 322 3835 sciant
344 3772 491 3835 'l'rachina
512 3791 550 3834 an
565 3772 682 3834 Thebas
696 3771 889 3849 abducantur,
910 3791 937 3832 v.
954 3773 1016 3836 233
1033 3770 1144 3835 dudum

16 3880 17 3901 r
86 3860 197 3918 utrasse
222 3857 377 3919 Deianirae
404 3859 525 3919 domum
555 3878 570 3921 a
599 3857 803 3937 probabilitate
833 3857 957 3919 nimium
987 3857 1144 3934 abhorret;

16 4008 17 4033 i
87 3933 216 4020 denique,
245 3943 325 4023 quod
346 3950 462 4004 tantum
483 3961 544 4005 non
567 3943 717 4022 singulare
743 3950 803 4017 est,
833 3942 864 4005 in
888 3944 1017 4004 secunda
1040 3961 1145 4006 scaena
