2790 4494
187 260 228 328 62
570 287 598 329 n.
621 284 725 327 tunam
747 286 875 328 sennenn

186 436 346 542 neeesy'tas
369 438 437 516 plus
459 456 547 517 posse
570 456 658 518 quam
680 438 774 519 pietas
796 437 880 499 solet.

185 541 270 583 moa.
314 521 454 602 Propone
475 522 617 595 dammas,
639 523 761 585 vulnera
784 535 814 585 et
835 523 913 585 diras
934 523 1004 587 mali

186 606 297 668 doloris
319 617 397 669 artes
419 616 448 669 et
469 609 575 671 famem
599 617 628 669 et
651 627 764 671 saevam
787 608 866 671 sitim

185 692 338 772 variasque
360 701 460 773 pestes
482 694 626 773 undique,
650 702 678 755 et
698 695 811 755 ferrum
834 693 960 755 inditum

184 776 347 839 visoeribus
370 778 444 855 istis,
467 780 593 841 carueris
617 779 808 855 matildem,

185 872 215 924 et
236 862 380 943 quidquid
403 863 492 926 audet
513 865 608 927 vietor
629 865 721 925 iratus
743 863 866 925 timens:

185 947 318 1011 animosa
340 947 439 1011 nullos
461 958 556 1011 mater
576 948 702 1011 admittit
723 958 830 1011 metus.

183 1052 259 1094 mix.
303 1032 359 1095 Hie
381 1033 456 1112 ipse,
477 1052 538 1113 quo
562 1053 645 1095 nune
667 1042 826 1097 contumax
849 1042 973 1113 perstas,
995 1052 1078 1096 amor

185 1117 342 1180 consulere
365 1119 462 1199 parvis
484 1118 586 1181 liberis
608 1119 723 1180 Danaos
745 1127 856 1180 monet.

183 1212 253 1284 post
273 1221 354 1265 arma
376 1211 434 1264 mm
457 1202 629 1284 longinqua,
652 1214 722 1283 post
743 1221 838 1265 annos
861 1203 962 1265 decem

183 1289 283 1351 minus
305 1288 441 1350 timerem
463 1307 540 1369 quos
561 1291 631 1369 latit
654 1289 774 1351 Calchas
798 1298 905 1365 metus,

184 1375 209 1436 si
231 1372 304 1434 mihi
326 1373 475 1435 timerem:
505 1372 780 1453 bellal'lelemaeho
805 1392 901 1454 paras.

183 1478 269 1520 rann.
313 1459 416 1534 invita,
439 1458 531 1534 Vlixe,
554 1459 693 1540 gaudium
715 1459 823 1522 Danais
846 1458 936 1520 dabat

184 1544 313 1606 dandum
336 1550 398 1619 est3
428 1545 520 1606 latere
543 1558 618 1625 quos
640 1545 752 1626 premis
774 1546 882 1618 luctus,
907 1544 1001 1605 dolor.

184 1629 318 1709 gaudete,
341 1629 469 1703 Atridae,
491 1638 585 1710 tuque
606 1631 738 1706 laetifica,
766 1640 800 1691 ut
821 1629 909 1703 soles,

183 1715 262 1777 relsr
283 1713 430 1794 Pelasgis:
460 1714 597 1777 Hectoris
619 1715 719 1797 proles
741 1715 811 1776 obit.

183 1818 257 1861 vern.
301 1799 339 1861 Et
361 1818 426 1862 esse
448 1818 550 1862 verum
572 1800 630 1861 hoo
652 1819 710 1879 qua
732 1799 840 1881 probas
863 1799 971 1862 Danais
992 1801 1049 1863 fide
1058 1797 1078 1860 ‘l

183 1903 268 1947 anon.
313 1883 354 1946 lta
378 1885 457 1965 quod
480 1885 588 1947 minari
609 1886 769 1946 maximnm
790 1885 885 1946 victor
906 1894 1005 1966 potest

183 1969 336 2049 confingat
359 1980 457 2032 et‘me
479 1971 536 2032 iata
559 1980 675 2034 maturo
698 1971 777 2032 exitu
858 1971 862 1978 '

181 2054 321 2135 facilique
343 2055 458 2117 solvant
477 2073 512 2116 ao
534 2074 601 2117 meo
625 2056 754 2119 condant
775 2055 839 2116 solo

183 2152 213 2201 et
233 2141 326 2220 patria
348 2139 436 2201 tellus
458 2139 616 2204 Hectorem
638 2142 740 2203 leviter
762 2149 886 2221 premat,

181 2234 216 2286 ut
236 2225 304 2286 luce
327 2243 427 2287 cassus
450 2225 529 2287 inter
551 2226 697 2288 extinctos
718 2227 794 2288 iacet

182 2311 327 2390 datusque
349 2310 464 2372 tumulo
487 2310 584 2373 debita
607 2312 749 2372 exanimis
771 2309 848 2371 tulit.

180 2414 256 2456 mu.
287 2394 425 2475 ‘Expleta
445 2396 504 2456 iata
525 2396 618 2476 stirpe
640 2395 753 2457 sublata
775 2393 911 2456 lleotoris

182 2480 364 2559 solidamque
387 2498 490 2560 pacem
512 2481 607 2542 laetus
629 2482 664 2543 ad
687 2480 803 2543 Danaos
824 2482 916 2542 ieram
938 2512 981 2525 -

181 2566 254 2645 quid
275 2564 348 2643 agis,
371 2562 475 2626 Vlixei
507 2565 655 2628 Danaidae
678 2567 802 2629 eradent
822 2566 892 2628 tihi:

179 2661 213 2712 tu
236 2647 309 2712 eui?
337 2651 454 2730 parenti
476 2685 519 2695 -
540 2651 626 2731 fingit
647 2671 684 2713 an
706 2652 864 2732 quisquam
886 2650 944 2712 hoo
965 2668 1084 2731 pareus,

181 2754 238 2798 nse
260 2735 473 2798 abominandae
494 2737 599 2798 mortis
621 2737 787 2818 auspicium
809 2732 915 2817 pavet?

180 2820 310 2901 auspicia
332 2830 471 2884 metuunt
493 2821 544 2900 qui
568 2823 642 2883 nihil
664 2823 758 2884 maius
779 2822 894 2883 timent.

179 2908 268 2969 fidem
289 2905 416 2984 alligavit
436 2906 502 2968 inre
524 2907 649 2969 iurando
671 2926 755 2969 suam
776 2940 818 2951 -

180 2992 206 3053 si
227 2991 350 3071 peierat,
373 2991 477 3054 timere
499 2993 571 3071 quid
594 2993 711 3072 gravius
732 2990 853 3072 potest?

180 3095 263 3139 nune
284 3076 392 3137 advooa
414 3085 505 3152 astus,
528 3077 636 3152 anime,
659 3096 742 3139 nuno
763 3077 892 3153 fraudes,
913 3076 1005 3150 dolos,

179 3178 262 3222 nuno
284 3167 378 3222 totum
401 3160 523 3236 Vlixem
553 3162 659 3224 veritas
682 3179 844 3241 numquam
866 3161 953 3241 perit.

177 3375 246 3414 vorx.
273 3360 357 3413 Stulta
375 3367 415 3415 est
432 3363 497 3416 fides
515 3363 598 3416 celare
616 3361 684 3430 qood
703 3361 797 3428 prodas
815 3363 910 3416 statim.
1211 3374 1258 3415 aaa

177 3487 380 3498 ’,ι-ι*-

265 3552 314 3603 589
330 3557 356 3603 et
374 3566 425 3603 om.
434 3549 514 3600 Ε.-
531 3550 615 3602 lamen
633 3549 659 3600 Ε
711 3552 759 3602 585
779 3549 844 3604 ustis
861 3550 886 3601 A
938 3552 988 3603 586
1007 3552 1108 3601 tumens
1126 3550 1152 3601 A
1204 3551 1255 3602 587

177 3621 221 3670 lu'o
244 3617 269 3669 Ε
286 3622 319 3684 ς,
336 3624 398 3685 port
420 3634 444 3670 υ.
461 3618 512 3671 581
535 3620 574 3683 Α;
601 3623 663 3684 poet
683 3634 707 3670 u.
732 3618 784 3672 588
806 3621 899 3687 posuit
919 3617 1124 3685 llaplralengiua.
1161 3616 1254 3671 delevi.

177 3688 227 3740 588
245 3686 453 3738 Andromachae
471 3687 554 3738 datur
571 3686 604 3752 Ε,
624 3686 702 3738 Vlixi
719 3689 751 3738 A.
770 3686 934 3739 -admittis
952 3687 977 3738 A
1046 3688 1097 3738 596
1117 3688 1218 3738 monet:
1236 3699 1255 3736 n

176 3771 212 3806 ore
229 3771 246 3806 ιι
264 3760 313 3805 aut
330 3758 443 3806 iavioem
461 3754 486 3805 Ε
556 3755 787 3808 altimontis*
845 3757 906 3807 ’592
924 3754 1025 3807 laoisA
1093 3756 1144 3807 594
1162 3752 1257 3806 immiti

175 3821 244 3874 Vlixi
262 3821 383 3890 gandium
402 3837 432 3875 ao
450 3825 487 3888 (et
504 3828 532 3890 ς)
550 3822 643 3875 Danais
661 3822 728 3874 dabo
746 3826 771 3874 A
841 3825 891 3877 596
909 3824 990 3876 soles:
1015 3838 1044 3876 es
1061 3827 1080 3875 i.
1091 3822 1216 3875 raadm.
1229 3819 1255 3871 Ε

175 3893 226 3943 692
245 3891 353 3957 patriam
366 3891 391 3941 Ε
443 3895 493 3945 669
511 3894 569 3944 luae
587 3891 667 3944 carnit
678 3890 729 3941 EA
752 3891 769 3942 l.
783 3897 861 3956 earet,
879 3895 909 3943 ut
926 3895 945 3957 ς
963 3891 1052 3957 vulgo.
1077 3895 1200 3943 donauit
1216 3887 1252 3942 Ν.

175 3957 302 4008 Heinsius
319 3959 380 4009 ado.
398 3976 425 4024 p.
443 3961 495 4012 154
512 3962 551 4025 (ς)
620 3962 669 4013 601
688 3957 766 4011 Danai
784 3959 825 4012 dic
842 3976 877 4013 er.
895 3959 921 4010 Ε
995 3963 1045 4014 698
1064 3975 1096 4012 an
1114 3959 1254 4027 quiequam

173 4036 268 4090 pareus
285 4025 310 4074 A
379 4029 429 4077 612
452 4027 563 4092 perierat
579 4030 605 4078 A
675 4031 724 4080 614
743 4032 770 4080 et
786 4032 869 4083 totum
888 4031 919 4083 A.
938 4057 972 4068 —
990 4043 1129 4097 numquam
1147 4027 1211 4081 latet
1228 4025 1256 4076 A
