2652 4486
552 220 671 264 ocrtvltt

204 392 260 453 ego
283 389 369 434 eausa
392 380 468 447 tuae,
491 371 665 450 miserande,
689 373 770 436 necis

203 468 332 537 natoque
354 467 406 519 tuo
429 457 543 519 lunaris
565 469 669 520 auctor

204 563 252 619 en,
275 551 309 604 ut
330 543 436 618 merui,
458 544 536 604 lerar
557 543 593 605 ad
615 561 716 606 manes

203 630 354 691 inhumata
377 637 454 703 tuos,
477 627 581 690 obruta
603 630 695 691 saevis

201 713 340 793 aequoris
363 714 469 776 undis!
534 755 536 761 ·
641 742 646 747 ·

204 801 316 862 feriunt
336 800 445 861 fluetus
468 817 518 861 ora
539 800 699 879 loquentis,

206 885 266 947 ruit
287 885 318 946 in
341 885 464 964 pelagus
486 903 665 965 rursumque
687 886 748 947 salo

206 988 307 1051 pressa
330 969 466 1050 resurgit,
489 970 572 1050 pellit
593 971 698 1051 palmis

207 1065 332 1136 cogente
353 1064 434 1117 metu
456 1056 539 1130 freta,
562 1064 607 1118 set
628 1056 705 1119 oedit

206 1142 284 1204 lessa
305 1138 407 1202 labori.
452 1140 560 1202 mansit
583 1141 676 1203 tacitis

208 1226 239 1288 in
263 1225 434 1307 pectoribus
457 1234 557 1306 spreta
579 1227 655 1289 tristi

207 1313 263 1374 iam
287 1319 382 1372 morte
404 1311 493 1373 fides:
518 1311 602 1372 multi
623 1312 759 1375 dominae

207 1398 286 1458 ferro
308 1396 449 1458 auxilium
471 1397 576 1476 pelago
598 1397 698 1459 lraotis

135 1545 137 1551 ,
207 1482 318 1544 virilius
339 1482 458 1558 audent,
480 1482 616 1544 bracchia
639 1484 770 1563 quamvis

209 1567 288 1629 lenta
311 1568 475 1629 trahentem
499 1586 570 1629 voce
593 1569 749 1630 hortantur

208 1652 404 1731 manibusque
426 1652 532 1716 levant.
577 1653 648 1732 quid
671 1653 725 1715 tihi
748 1655 825 1718 saeui

208 1738 319 1816 fugisse
341 1738 430 1800 maris
453 1737 565 1818 proluit
586 1736 702 1800 undas?

208 1826 288 1885 lerro
311 1842 343 1886 es
366 1824 425 1884 nati
448 1824 590 1885 moritura
612 1824 666 1896 tui,

209 1908 295 1971 euius
316 1908 431 1971 lacinus
453 1909 499 1969 vin
521 1909 688 1989 posteritas,

210 1994 291 2056 tarde
313 2012 432 2074 semper
453 1995 569 2056 saecula
592 1995 722 2056 credent.
750 2029 752 2033 <

209 2079 282 2141 lurit
303 2089 433 2159 ereptam
456 2080 620 2161 pelagoque
643 2080 722 2141 dolet

210 2165 306 2226 vivere
328 2172 450 2227 matrem

211 2250 321 2330 impius
343 2249 459 2329 ingens,
482 2250 670 2330 geminatque
694 2250 792 2312 nefas:

214 2335 274 2398 ruit
295 2335 326 2396 in
350 2335 474 2398 miserae
495 2336 553 2399 lata
574 2335 706 2415 parentis

213 2420 382 2501 patiturque
405 2439 517 2483 moram
539 2420 660 2483 sceleris
683 2421 804 2483 nullam.

214 2507 322 2568 missus
344 2507 458 2587 peragit
479 2507 558 2568 iussa
580 2508 711 2569 satelles:

213 2598 325 2653 reserat
346 2591 482 2653 dominae
505 2600 624 2671 peotora
647 2594 735 2654 ferro.

212 2676 309 2739 caedis
331 2676 461 2738 moriens
482 2676 531 2738 illa
553 2677 721 2739 ministrum

214 2769 298 2841 rogat
319 2761 430 2837 infelix,
453 2770 538 2825 utero
561 2762 657 2824 dirum

214 2846 322 2910 eondat
343 2856 377 2909 ut
399 2866 515 2909 ensem:

214 2931 273 2992 ‘hio
295 2940 349 3009 est,
371 2932 420 2993 hio
442 2942 487 2995 est
509 2933 673 2994 lodiendus’
696 2931 735 2994 ait

215 3018 315 3092 terro,
337 3025 503 3079 monstrum
526 3018 577 3097 qui
600 3018 658 3080 tale
680 3018 765 3079 totto!

215 3111 284 3181 post
306 3103 381 3164 hano
403 3121 503 3165 uocem

215 3187 334 3248 mixtam
357 3188 469 3267 gemitu
492 3206 561 3251 eum
583 3206 724 3268 supremo

216 3270 342 3334 animam
365 3273 481 3336 tandem
505 3292 559 3353 per
579 3274 641 3336 lera
663 3275 777 3336 tristem

216 3358 337 3420 vulnera
358 3357 464 3421 reddit.

379 3493 527 3556 SENECA

133 3647 136 3653 .
173 3595 250 3666 Quid
272 3614 330 3673 me,
353 3606 459 3676 potens
482 3595 623 3673 Fortuna,
646 3595 741 3657 sallaoi
763 3593 835 3656 milri

174 3767 222 3818 341
242 3762 384 3816 miserande
401 3761 483 3826 Lllll]
501 3761 641 3815 miseranda
660 3762 735 3829 ΣθΤ
800 3764 849 3816 646
867 3750 950 3813 luot'us
963 3762 988 3810 Σ
1056 3762 1104 3813 346
1124 3774 1162 3811 re·

95 3831 156 3898 fugit
173 3833 200 3883 M
251 3835 301 3884 319
319 3831 369 3882 lato
389 3835 415 3883 et
433 3831 508 3883 codd.
527 3829 832 3883 eorraoitBueoltolorus
884 3831 933 3883 354
951 3827 1163 3894 ardeutbluulg.

97 3916 119 3951 o.
136 3900 161 3965 l.)
217 3899 414 3953 assumentes
433 3899 478 3951 tu
539 3903 589 3954 366
608 3900 638 3951 al'
658 3899 780 3966 tardaque
798 3897 828 3950 Μ
844 3901 862 3949 i.
880 3913 934 3963 mg.
992 3899 1041 3951 366
1060 3898 1164 3950 missus-

97 3971 182 4033 quetlr
250 3972 343 4022 stov.
363 3967 468 4021 tudltz

144 4062 236 4103 Senecae
250 4062 375 4113 tragoediae
389 4063 417 4102 ll.
927 4054 959 4104 23
