2686 4482
429 292 467 333 DE
489 290 650 333 rnnaonnln
672 290 841 334 andronice.

305 443 381 523 pred
396 445 512 522 penitas
533 452 629 503 actara
650 460 715 503 cara
735 445 881 522 recepisset
902 440 999 513 liberes,

306 531 380 588 erasis
399 526 486 588 seaiii
504 530 594 588 siccas
615 545 630 587 e
651 526 749 606 iapala
771 528 853 588 redit.

111 638 136 691 et
155 631 185 692 in
207 630 308 691 eadem
331 647 363 689 re
385 631 438 710 Ag.
462 631 524 692 656

306 733 369 794 vidi
388 731 451 793 vidi
469 734 544 792 senis
566 733 598 791 r'a
620 728 718 809 iapale

306 813 525 917 telathprrjiti
544 820 598 917 aia
622 818 726 894 ect'pac

305 919 446 981 saapasae
466 911 570 980 tcaput.

107 1000 177 1064 nihil
189 1020 223 1064 ea
235 1002 272 1063 de
283 1020 316 1064 re
327 1001 474 1081 Vergilius
485 1001 516 1063 in
528 998 632 1062 martis
643 999 753 1062 PrIami
764 1000 962 1080 descriptione
973 999 1021 1076 (II,
1034 1003 1096 1064 556
1109 1009 1177 1080 aa),

107 1086 155 1149 sed
177 1087 262 1149 Orid.
285 1086 363 1161 XIII,
385 1088 448 1151 408
776 1095 778 1099 '

261 1208 264 1213 ·
307 1191 499 1268 enipaanspae
519 1192 594 1250 sessa
617 1186 733 1249 Priami
752 1185 829 1249 Incia
850 1205 904 1248 ara
926 1204 1058 1249 crearem

309 1272 535 1349 combiberem)

189 1353 268 1418 Idem
299 1358 379 1437 qnod
408 1357 445 1418 de
466 1356 595 1437 Vergilio
618 1356 705 1418 etiam
727 1355 764 1418 de
786 1355 988 1426 ovidicvatet
1009 1375 1098 1437 quem
1121 1358 1181 1418 ire-

7 1460 9 1503 z
106 1453 242 1521 quanter,
265 1458 299 1504 ue
312 1442 422 1522 passim
437 1442 649 1517 adnotavimus,
664 1450 694 1502 et
711 1440 741 1502 in
758 1441 801 1502 eis
815 1459 936 1521 quoqne
949 1442 1023 1504 Iocis
1038 1441 1183 1522 expressit

7 1522 9 1543 ³
106 1545 181 1605 qaas
195 1533 283 1607 pater
294 1526 398 1590 edient.
431 1526 586 1608 praeteriri
608 1526 753 1588 hocloco
776 1527 889 1605 nequit,
913 1527 1017 1589 Scauri
1039 1527 1180 1588 iudicium

108 1612 142 1673 de
164 1610 261 1674 Ovidii
286 1612 353 1674 Iaca
375 1622 470 1674 cona.
494 1612 550 1688 IX,
574 1613 611 1687 6,
636 1614 674 1673 17
697 1610 792 1672 adlato
814 1610 958 1673 Senecam
979 1611 1072 1673 rideri
1094 1629 1181 1673 suam

107 1698 222 1772 iecisse,
245 1704 280 1758 ut
294 1697 353 1777 'qui
372 1697 443 1758 Tra.
458 1699 521 1761 955
544 1696 670 1758 eundern
693 1713 814 1772 sensnm
837 1694 950 1757 dederit
971 1696 1023 1758 sed
1046 1713 1107 1758 non
1128 1714 1184 1776 per

109 1790 151 1842 tet
178 1781 310 1844 membra
340 1782 467 1844 eundem
495 1789 687 1862 persecutus,
720 1780 750 1842 id
784 1780 864 1860 qaod
892 1781 927 1843 II.
955 1780 1095 1843 Heinsius
1124 1783 1182 1858 (ed.

109 1867 235 1930 Scriver.
264 1886 295 1947 p.
318 1869 393 1945 287)
423 1867 517 1948 prebe
539 1866 692 1929 intellexit.
735 1864 827 1927 iIIiunn
857 1874 955 1928 tamen
984 1884 1045 1927 naa
1073 1865 1184 1945 uIIque

109 1953 201 2032 patris
223 1952 270 2014 vel
292 1960 447 2014 auctorum
469 1954 534 2015 eius
555 1950 673 2014 indiciis
694 1970 726 2013 se
748 1950 938 2013 adstrinxisse
960 1960 990 2012 et
1011 1950 1135 2013 vidimus
1157 1961 1185 2013 et

110 2037 295 2100 IncnIentnnr
311 2038 477 2118 exemplum
492 2038 567 2099 adda
583 2045 678 2099 centn
694 2036 755 2111 VII,
771 2040 801 2109 4,
816 2037 836 2099 9
858 2049 885 2099 et
901 2037 983 2099 illata
996 2037 1183 2116 salsissimam

110 2126 293 2194 (senterstiam
315 2121 414 2185 Festas
436 2124 522 2196 dr'acitt
545 2121 577 2184 ia
604 2141 689 2203 paam
717 2121 804 2183 malti
824 2122 970 2183 incidant.-
996 2134 1115 2202 prepter
1134 2121 1186 2183 isac

110 2212 214 2288 ipsam,
236 2211 340 2288 iapait,
362 2211 454 2286 macir
466 2207 571 2286 flebiles
585 2218 634 2283 est,
650 2208 724 2287 paad
737 2223 796 2268 ara
806 2217 899 2286 pateat
912 2206 991 2284 flere.
1022 2219 1050 2268 ct
1063 2210 1185 2268 iterata.-

110 2291 255 2367 lacrimae,
277 2296 381 2373 t'rrpait,
402 2296 493 2355 autri
513 2293 622 2368 655555,
644 2311 746 2354 caasae
760 2304 929 2371 sapsrsaat3
952 2303 1098 2372 tampacm
1112 2296 1187 2354 caeci

111 2379 180 2456 (tere
207 2394 267 2438 aea
287 2377 405 2439 saitaat.
449 2376 480 2438 in
498 2373 696 2438 ‘Idaissinram
719 2371 908 2440 sententiam'
932 2376 1045 2439 Seneca
1067 2395 1186 2456 quoqne

112 2462 215 2524 incidit
234 2461 348 2523 Phoen.
372 2463 434 2526 239

571 2557 673 2608 carcaa
694 2564 756 2607 sera
777 2545 850 2609 mitt
869 2548 976 2626 insecta
998 2545 1124 2621 adstulit,

316 2631 453 2693 lacrimae
472 2643 657 2711 sepserant:
677 2631 728 2693 das
750 2649 858 2712 paapat
879 2635 986 2712 crtpait
1006 2631 1086 2693 acidi.

116 2731 243 2811 deanae
265 2732 304 2793 cI.
326 2731 454 2794 Pedonis
476 2732 650 2794 Albinovani
675 2750 793 2794 versum
818 2749 906 2815 quem
929 2732 1041 2793 Seneca
1063 2750 1141 2794 suas.
1164 2732 1186 2807 I,

118 2819 155 2879 15
177 2816 273 2878 adiert
293 2819 356 2880 ad

315 2920 370 2982 per
390 2920 451 2963 aaa
473 2920 614 2964 55555555
635 2903 755 2964 audaces
776 2905 819 2963 ire
840 2900 969 2962 tenebras

117 3003 183 3047 cunr
205 2985 254 3047 Hi.
279 2987 342 3050 552

320 3091 376 3152 aaa
397 3090 445 3151 spe
462 3075 631 3151 praecipites
653 3082 732 3133 actas
756 3072 794 3132 ad
814 3070 923 3151 tesseras

320 3157 421 3218 aadaa
442 3160 485 3218 ire
506 3161 569 3218 vias
590 3154 786 3218 inremeabiles

322 3242 420 3303 vidisti
430 3243 468 3317 1³)
490 3240 603 3303 Siculae
623 3260 711 3321 repara
729 3237 941 3321 Prasapiaaei’

118 3342 323 3352 ——-—--

115 3418 119 3423 ’
186 3405 237 3486 ¹²)
255 3406 293 3458 sie
310 3405 475 3527 exfilicsndus
493 3423 568 3475 quern
587 3406 647 3459 iade
658 3422 673 3459 a
684 3406 773 3460 Servio
782 3423 834 3460 non
849 3412 917 3460 recte
930 3411 1052 3474 ceperunt
1062 3406 1111 3458 vici
1122 3404 1192 3459 docti

119 3473 222 3542 Vergini
233 3489 324 3529 versus
363 3478 430 3540 ,662
443 3479 553 3542 iamque
564 3475 653 3527 adscit
663 3475 747 3527 muita
757 3476 861 3531 Priami
871 3476 903 3526 dc
914 3477 1049 3540 sanguine
1060 3475 1189 3542 Pyrrhus

116 3542 200 3595 ainnde
218 3547 260 3595 est
276 3541 347 3612 quad
359 3541 465 3597 Ovidius
482 3543 546 3596 deit
563 3547 624 3596 met.
634 3541 759 3608 vitata:
777 3545 906 3608 (victima)
922 3547 1022 3608 seiger
1035 3544 1120 3593 tinxit
1130 3544 1191 3594 sai-

7 3618 8 3627 *
117 3612 199 3662 iactes
221 3613 357 3677 sanguiue
381 3611 497 3680 mitras,
529 3610 599 3680 qncd
622 3610 785 3664 obversatum
808 3611 909 3664 videtur
930 3609 1046 3663 Senecae
1071 3609 1191 3663 scribenti

115 3676 178 3730 aea.
189 3680 240 3732 348
258 3679 339 3730 isaias
356 3683 456 3746 sargae
471 3695 570 3746 graves
582 3680 833 3732 maeataaiarictrss
845 3680 936 3741 imbrs,
953 3677 1001 3729 ssd
1014 3694 1105 3729 vernn
1119 3683 1192 3730 retra

117 3761 167 3812 per
184 3762 234 3798 era
251 3746 353 3798 multus
369 3752 482 3812 sanguis
498 3755 579 3814 atpac
597 3748 687 3799 erutos
707 3747 785 3800 redit.
816 3746 847 3801 ci.
866 3747 941 3814 Prop.
959 3745 1003 3811 IV,
1022 3749 1062 3810 16,
1081 3748 1112 3799 19
1130 3763 1194 3798 saa-

17 3868 22 3887 ,
117 3817 201 3878 gains
218 3818 377 3882 iamper-cc
395 3821 454 3882 qais
472 3819 698 3884 eaimspargstrtr
709 3819 843 3868 amantis?
867 3815 997 3880 IncanlI,
1012 3817 1059 3868 128
1076 3831 1191 3880 parvam

119 3882 166 3932 ssd
180 3881 252 3945 fessa
269 3889 390 3935 senectus
407 3887 550 3950 sanguinis
567 3884 665 3947 effudit
681 3885 776 3949 iugula
793 3886 960 3950 flammisque
976 3887 1105 3950 pepercit.

206 3950 239 4017 ¹⁸)
255 3950 305 4004 tuit
322 3966 381 4005 cum
397 3952 485 4004 cana
500 3952 644 4007 necessarie
662 3952 781 4005 ducerem
801 3951 962 4004 scribendum
985 3967 1058 4018 esse,
1082 3956 1111 4004 nt
1128 3955 1193 4017 trag.

119 4015 237 4073 555155.
255 4018 305 4088 irg.
324 4023 372 4074 147
391 4035 416 4074 v.
434 4022 484 4074 tta
502 4036 634 4088 quaenam
653 4026 678 4072 tc
695 4019 823 4086 adigant,
842 4021 949 4086 haspas,
967 4025 1066 4086 stagna
1085 4021 1192 4084 capacis
