2648 4478
175 154 215 220 tr
542 172 581 216 ns
600 172 731 217 mucuns
754 170 877 216 ornare.

173 342 281 388 manus
302 324 448 407 implorat,
471 324 600 403 denique
622 342 675 386 sira
689 323 785 405 ipsius
800 323 918 386 dextera
932 324 1077 387 utendum
1092 328 1265 405 profitetur
1311 420 1312 425 γ

174 413 276 489 (295):

831 490 952 555 cnudo
973 494 1055 557 dolor

377 589 505 641 comente
524 596 627 661 poene,
648 595 751 658 psum
772 579 914 659 supplicis
934 577 1052 642 horrida

377 668 530 743 inrepitete
553 664 676 743 infando
698 682 768 742 eq.
785 680 808 723 s.

174 746 345 811 dehortatur
366 749 482 812 untur:
507 747 643 810 Herculis
657 760 783 809 mortem
798 756 1022 826 omnesgentes
1036 749 1260 813 vindicatores.
1311 754 1312 801 1

174 834 335 915 respondet
354 835 456 910 (dddh

616 921 780 977 uncinum
801 915 869 996 fieri
887 917 976 978 ecatus

376 1014 404 1064 et
424 1007 487 1082 apsa
508 1003 613 1081 fateor,
636 1002 684 1062 aed
703 1000 786 1063 dolor
806 1001 874 1080 fieri
893 1001 976 1063 iethet.

173 1098 223 1150 aut
246 1087 366 1149 Herculi
388 1094 439 1148 aut
459 1086 517 1166 ipsi
540 1093 569 1147 et
590 1086 693 1163 utique
715 1084 792 1147 iolae
815 1085 1001 1165 pereundum
1023 1105 1098 1148 esse.
1136 1089 1260 1150 nutrici
1311 1086 1312 1089 ’

173 1173 263 1246 illam,
290 1179 323 1232 ut
348 1173 524 1251 plerumque
547 1170 682 1250 captivas,
712 1188 774 1232 non
796 1170 938 1233 diuturno
960 1189 1060 1233 amare
1081 1174 1258 1235 tracturam

174 1274 239 1318 esse
259 1256 394 1318 monenti
417 1256 494 1317 hanc
515 1255 658 1334 virginem
677 1273 742 1316 esse
764 1256 935 1334 respondet,
956 1274 991 1317 se
1004 1267 1169 1319 menonem
1199 1277 1259 1320 an·
1311 1332 1312 1337 γ

173 1341 222 1403 nis
243 1340 301 1402 iam
323 1349 507 1422 provectam,
530 1348 610 1402 certe
631 1340 803 1401 interiorem
825 1358 857 1401 se
882 1342 940 1402 hoc
965 1342 1126 1403 certamine
1152 1344 1259 1405 exitu·
1311 1382 1312 1413 1

173 1444 245 1488 ram
276 1426 345 1487 oiim
368 1444 400 1487 se
421 1424 608 1486 insidendam
630 1424 769 1487 omnihus
790 1424 883 1487 fuisse
906 1426 1032 1505 coniuge
1053 1436 1258 1489 nunciemus

173 1519 345 1592 pererrante
360 1529 394 1572 ae
408 1511 538 1590 virgines
553 1508 609 1571 sibi
625 1510 656 1570 in
672 1526 804 1571 amorem
818 1519 974 1591 expetente
982 1529 992 1584 3
1010 1529 1082 1590 ergo
1098 1531 1138 1574 ne
1153 1521 1257 1574 cesset
1311 1588 1312 1591 Ἴ

172 1597 266 1671 furor,
289 1596 450 1676 perimatur
472 1595 590 1656 infidus.
622 1595 678 1655 ium
693 1604 726 1656 ut
740 1594 897 1656 uansitum
912 1595 968 1656 sihi
983 1596 1016 1656 ad
1033 1596 1118 1657 Nessi
1133 1597 1256 1659 donum
1296 1614 1312 1667 ,ἵ

172 1690 266 1761 paret,
289 1697 351 1760 quo
371 1697 472 1742 carere
494 1680 634 1740 nimirum
650 1687 737 1758 poeta
753 1679 784 1740 ia
800 1680 858 1740 hoc
871 1689 1046 1759 argumento
1062 1700 1122 1742 non
1138 1684 1254 1761 potuit,
1311 1676 1312 1685 ’

174 1767 321 1829 nutricem
343 1766 413 1828 facit
427 1765 673 1826 medicamentum
689 1765 864 1825 amatorium
878 1766 989 1844 mamea
1004 1776 1067 1828 arte
1082 1768 1255 1846 parandum

172 1851 380 1930 pollicentem:
408 1849 439 1910 id
461 1867 497 1909 ex
519 1849 679 1928 Hippoipto
702 1850 870 1911 eoroeiiero
893 1851 1035 1930 sumpsit,
1062 1851 1092 1911 iu
1114 1852 1255 1915 Phaedra

173 1935 311 2012 negiexit.
340 1935 502 2014 respondet
522 1933 658 1995 Deianira
680 1933 780 1995 herbis
795 1943 825 1996 et
840 1935 976 1997 cautibus
990 1935 1068 1998 flecti
1084 1936 1170 1999 ilium
1187 1956 1253 1999 uon

172 2037 263 2100 posse
277 2021 328 2081 sed
344 2037 410 2081 esse
426 2019 481 2079 sihi
497 2018 576 2080 aliud
591 2018 759 2096 languentis
770 2019 879 2081 amoris
891 2020 1129 2083 incitamentum.¹
1148 2031 1256 2085 narrat

172 2104 259 2167 Nessi
274 2113 397 2167 mortem
413 2105 581 2184 hydraeque
596 2103 677 2164 uiros
692 2104 770 2164 dono
787 2104 843 2165 sihi
858 2105 968 2167 datum.
998 2106 1145 2167 inuicem
1166 2126 1253 2170 com·
1311 2144 1312 2147 =

173 2207 277 2269 parare
299 2189 382 2252 iubet
402 2198 512 2250 vestem
535 2207 622 2267 quam
638 2189 759 2250 Herculi
774 2189 885 2271 mittat;
907 2190 1025 2252 interim
1042 2192 1180 2253 Amorem
1200 2194 1254 2254 de-

173 2281 321 2355 precatur.
372 2274 504 2335 adfertur
530 2274 618 2334 vestis
646 2292 723 2352 quae
750 2274 875 2335 maenda
900 2270 1038 2337 ‘omnem
1070 2277 1252 2339 famularum
1311 2326 1312 2329 ,

173 2376 295 2421 manum
318 2353 460 2433 lassavit'3
487 2357 570 2420 virus
590 2358 775 2436 infunditur,
797 2366 969 2440 opportune
990 2360 1096 2423 Lichas
1116 2362 1253 2424 accurrit

174 2445 223 2506 cui
244 2443 349 2524 pallam
371 2442 509 2505 Deianira
528 2443 619 2505 tradit
638 2443 686 2504 his
707 2443 805 2505 verbis
827 2446 930 2521 (571):

379 2546 445 2608 cepe
464 2526 515 2590 hoe
536 2531 657 2590 aethrae
678 2540 778 2591 eostre
799 2534 1099 2609 praenecessariis,

379 2614 447 2675 dem
467 2631 558 2691 capies
579 2619 612 2675 iu
632 2613 698 2674 crde
718 2615 817 2692 fertur
839 2625 865 2676 et
885 2619 977 2677 victas
997 2633 1075 2677 uiuo

377 2709 451 2760 tenet
471 2699 563 2777 serem
583 2696 702 2778 Lydiam
724 2703 833 2778 mentio
853 2718 973 2776 aarum,

378 2783 447 2845 dnm
465 2786 558 2864 poseat
578 2781 657 2844 roua
680 2801 706 2845 e
723 2801 751 2862 q.
770 2802 796 2844 s.
1311 2820 1312 2851 a

258 2868 331 2928 haec
352 2866 488 2930 Deianira
516 2867 644 2930 mendax
671 2875 771 2930 estet
799 2867 916 2943 dolosa,
946 2887 1008 2930 noo
1034 2876 1067 2930 ut
1088 2869 1169 2949 apud
1191 2870 1251 2932 So-
1311 2932 1312 2937 ,

173 2951 310 3032 phodere
333 2952 471 3029 candida,
500 2952 586 3017 Nessi
607 2952 710 3023 hande
733 2954 871 3034 decepta,
898 2953 1015 3015 dulcem
1036 2972 1121 3033 spem
1140 2955 1253 3017 fovens
1311 2990 1312 2997 1

174 3037 207 3096 iii
229 3036 323 3097 anxiis
344 3054 445 3099 rerum
467 3036 629 3115 angustiisa
649 3036 743 3117 prohe
765 3038 819 3101 ista
841 3037 896 3105 seit
911 3039 982 3117 quid
996 3038 1119 3116 eoumgi
1132 3039 1251 3115 mittat;
1311 3040 1312 3103 J

173 3138 233 3199 quo
261 3120 390 3200 scriptor
418 3121 473 3183 sihi
503 3121 636 3184 constitit
663 3130 692 3184 et
714 3122 797 3183 neeis
819 3122 976 3184 consilium
1002 3124 1120 3186 Drinum
1142 3131 1252 3187 tenere

173 3205 254 3266 iilam
274 3206 375 3267 voluit.
420 3224 476 3268 nec
498 3206 577 3285 qnod
599 3207 717 3271 nutrice
738 3207 862 3269 ahsente
882 3208 983 3269 Amori
1010 3226 1115 3288 preces
1137 3209 1248 3286 tunfflt,

121 3324 123 3327 ·
172 3290 202 3352 id
218 3307 253 3351 ex
268 3291 358 3352 animi
372 3290 451 3352 iilam
467 3291 727 3353 sententiaiaeere
740 3292 858 3354 eredas:
882 3293 997 3354 adstant
1011 3293 1090 3354 euim
1105 3293 1250 3357 mulieres
1311 3342 1312 3347 1

176 3392 249 3455 quas
271 3375 328 3436 sihi
350 3393 385 3438 ei
406 3375 499 3455 patria
523 3376 645 3439 comites
667 3377 790 3439 duxerat
809 3377 908 3455 (ost).

258 3460 398 3522 mulieres
419 3460 650 3536 dominaedium,
672 3460 780 3523 ddnde
794 3478 899 3542 regum
914 3462 1096 3541 divitumque
1111 3465 1250 3526 omnium
1311 3512 1312 3515 ,

173 3544 288 3606 tristem
301 3555 413 3608 sortem
428 3545 609 3622 describunt,
631 3562 749 3608 auream
764 3547 996 3611 mediocritatem
1011 3547 1141 3609 laudant.
1171 3551 1250 3613 redit
1311 3548 1312 3617 ἶ

171 3629 308 3692 Deianira
330 3631 432 3692 territa
453 3641 484 3693 et
506 3631 676 3712 perturbata
691 3634 730 3709 (v.
747 3634 831 3709 706).
862 3650 931 3693 nam
946 3649 1014 3694 cum
1028 3633 1112 3694 lanae
1128 3632 1250 3711 glomus
1311 3664 1312 3679 ¹

169 3713 256 3776 Nessi
279 3717 424 3794 sanguine
445 3716 571 3779 tinctum
593 3732 717 3797 prorsus
740 3720 891 3783 evanuerit
912 3717 984 3778 sodis
1005 3714 1095 3779 radiis
1115 3721 1249 3797 tepefac-

170 3805 243 3874 tum,
267 3818 356 3879 quam
377 3802 502 3863 maxime
523 3808 642 3864 veretur
663 3821 702 3864 ne
724 3803 846 3882 coniugi
867 3801 974 3867 malem
991 3811 1105 3883 pestem
1120 3802 1246 3870 miserit.

105 3914 120 3925 ··
168 3884 251 3945 uenit
270 3883 375 3963 Hyllus
396 3894 426 3947 et
448 3904 523 3965 quae
544 3887 717 3951 acciderunt
737 3897 853 3964 narrat3
882 3888 940 3951 iam
970 3887 1081 3949 doloris
1103 3895 1137 3949 ut
1159 3898 1247 3952 antea
