2658 4488
173 227 235 292 216
556 249 585 291 ι.
607 247 711 292 annam
732 249 858 293 senecae

168 397 287 460 Troiam
309 396 478 460 addidisse?
511 417 562 460 rex
584 399 773 480 Mycenarum
797 401 862 475 luit,

168 483 265 544 veniet
286 492 444 562 tyrannus:
468 501 609 565 prospera
631 485 747 546 animus
769 485 901 548 ederant.

168 568 260 630 ellusa
282 568 359 629 cirea
382 567 527 647 paelicum
549 579 660 648 quanto
682 570 763 632 venit

167 653 254 714 turba
276 653 434 733 apparatul
467 652 529 714 sola
551 655 602 715 sed
625 653 710 716 turha
733 656 842 717 eminet

167 745 308 817 tenetque
330 756 430 815 regem
452 738 558 800 damula
581 739 701 801 veridici
723 740 785 801 dei:

166 822 285 884 feresne
306 823 424 884 thalami
448 823 521 884 victa
544 833 711 886 consortem
734 822 801 886 tui?

167 917 196 968 at
218 907 265 968 illa
288 908 379 969 nolet.
423 908 559 969 ultimum
581 919 626 971 est
649 917 758 988 nuptae
780 908 888 972 malum

166 992 262 1073 palam
283 993 378 1054 mariti
400 992 556 1072 possidens
578 993 680 1073 paelex
702 994 832 1056 domum.

167 1097 223 1139 nec
246 1096 336 1158 regna
358 1077 472 1139 socium
496 1078 573 1139 ferre
595 1096 651 1139 nee
672 1078 773 1140 taedae
795 1080 904 1141 sciunt.

166 1178 254 1225 eurr:
292 1162 439 1241 legisthe
463 1161 532 1242 quid
555 1181 602 1224 me
624 1181 729 1224 rursus
752 1163 782 1225 in
805 1182 947 1246 praeceps
969 1166 1032 1246 agis

166 1248 300 1327 iramque
322 1246 446 1308 dammis
469 1247 525 1308 iam
547 1248 725 1309 residentem
749 1248 876 1311 iactast

167 1331 302 1412 permisit
322 1332 433 1412 aliquid
454 1332 547 1393 vietor
569 1334 600 1394 in
623 1343 736 1412 captam
759 1334 829 1395 sibi:

166 1435 221 1478 nea
244 1416 402 1496 coniugem
424 1417 481 1478 hoe
503 1419 652 1497 respicere
674 1437 731 1479 nee
753 1419 901 1481 dominam
923 1421 1016 1482 decet.

166 1503 213 1564 lex
235 1501 290 1563 alia
312 1501 387 1562 solio
410 1511 465 1577 est,
488 1502 544 1564 alia
565 1504 677 1583 privato
700 1503 730 1564 in
754 1513 830 1565 tere.

166 1586 236 1667 quid
259 1587 339 1666 quod
360 1605 475 1649 severas
499 1588 575 1649 serre
598 1605 646 1648 me
673 1588 753 1666 leges
774 1590 837 1649 viro

167 1691 227 1733 non
249 1672 362 1751 patitur
379 1672 498 1733 animus
521 1673 616 1752 turpis
638 1672 756 1734 admissi
779 1671 915 1735 memori

165 1757 214 1818 det
235 1757 285 1819 ille
306 1756 421 1819 veniam
443 1756 528 1817 laeile
551 1757 599 1818 eui
622 1759 706 1819 venia
727 1767 772 1819 est
794 1777 881 1838 opus.

164 1859 230 1904 aaa.
296 1841 338 1904 lta
361 1839 428 1903 est‘l
454 1842 564 1921 pacisci
587 1850 718 1904 mutuam
740 1845 855 1905 veniam
878 1841 970 1907 lieet?

164 1927 266 2007 ignota
287 1926 340 1988 tibi
362 1936 434 1989 sunt
456 1929 520 1988 iura
541 1945 703 2006 regnorum
725 1938 775 1990 aut
798 1926 896 1989 noua?

165 2012 252 2074 nobis
274 2011 395 2091 maligni
417 2011 540 2087 iudices,
562 2012 650 2091 aequi
675 2012 731 2074 sibi

164 2098 193 2159 id
217 2116 281 2161 esse
304 2098 388 2176 regni
410 2096 569 2158 maximum
591 2097 701 2177 pignus
723 2106 839 2176 putant,

164 2182 190 2244 si
213 2181 356 2262 quidquid
379 2181 443 2242 aliis
466 2199 527 2242 non
550 2182 618 2243 lieet
641 2182 713 2243 solis
736 2182 812 2243 lieet.

163 2286 244 2328 etur.
288 2266 404 2345 lgnuvit
426 2265 569 2328 Helenae:
593 2267 693 2328 lunata
714 2266 847 2327 Menelao
869 2266 948 2328 redit

164 2370 240 2432 quae
262 2350 411 2432 Europam
434 2360 463 2412 et
485 2351 581 2412 Asiam
605 2349 726 2429 paribus
747 2351 850 2412 afflixit
871 2351 964 2412 malis.

163 2457 229 2499 ssa.
288 2436 346 2498 Sed
368 2435 449 2497 nulla
471 2435 592 2497 Atriden
617 2436 730 2497 Venere
753 2436 859 2497 lurtiva
881 2436 1003 2498 abstulit

164 2541 219 2584 nee
241 2521 321 2601 cepit
341 2521 473 2582 animum
495 2520 615 2599 coniugi
638 2520 811 2582 obstrictum
834 2539 915 2583 suae.

162 2607 219 2669 iam
243 2607 355 2668 crimen
378 2605 428 2668 ille
450 2605 564 2685 quaerit
586 2614 615 2667 et
637 2624 740 2668 causas
762 2615 854 2685 parat.

164 2692 206 2755 nil
229 2710 293 2754 esse
316 2691 403 2752 erede
425 2699 514 2770 turpe
536 2692 725 2752 commissum
749 2690 816 2753 tibi:

163 2778 233 2858 quid
255 2777 380 2837 honesta
402 2775 524 2855 prodest
545 2776 611 2848 vita,
634 2776 744 2854 flagitio
767 2771 894 2836 vaeansl

162 2862 214 2924 ubi
237 2861 375 2922 deminus
398 2860 458 2922 odit
480 2860 512 2922 lit
535 2879 656 2934 nocens,
681 2879 741 2922 nen
765 2859 928 2939 quaeritur.

162 2948 336 3027 Spartamne
359 2955 477 3024 repetes
499 2953 597 3026 spreta
618 2955 648 3008 et
669 2946 801 3008 Eurotan
823 2954 907 3007 tuum

162 3033 329 3112 patriasque
351 3030 436 3092 sedes
459 3028 608 3110 profuga?
636 3049 698 3092 non
721 3031 792 3092 dant
813 3030 923 3092 exitum

161 3116 284 3196 repudia
307 3133 421 3194 regum.
465 3134 518 3195 spe
541 3124 637 3177 metus
660 3116 729 3177 falsa
753 3116 839 3178 levas.

161 3219 242 3262 carr.
286 3200 397 3261 Delicta
419 3201 501 3261 novit
523 3218 610 3262 neme
633 3200 690 3261 nisi
711 3200 789 3261 lidus
811 3218 884 3261 mea.

160 3305 227 3347 asa.
285 3284 360 3359 Non·
374 3284 464 3345 intrat
486 3302 625 3363 nmquam
648 3286 761 3364 regium
785 3285 874 3346 limen
898 3284 979 3344 fides.

161 3391 241 3433 esur.
287 3370 401 3450 Opibus
423 3368 569 3458 merebor,
593 3377 629 3430 ut
647 3370 734 3430 tidem
756 3371 853 3449 pretio
876 3368 1014 3447 obligem.

159 3508 364 3517 ——-—-——-

1190 3295 1242 3347 aas
1321 3312 1322 3319 a

245 3572 295 3625 262
313 3569 420 3622 efferunt
442 3570 518 3622 codd.
544 3572 665 3620 eerremr‘t
685 3568 864 3620 Buaedalorus
932 3572 983 3622 264
1001 3568 1047 3620 sed
1070 3568 1146 3635 longe
1173 3571 1237 3620 erni-

160 3640 240 3692 netA
291 3642 339 3692 257
359 3637 475 3689 nelletdd
526 3639 576 3690 268
595 3637 677 3689 mariti
690 3639 826 3689 samarita
846 3642 905 3690 tm.
923 3637 948 3688 ld
999 3638 1238 3691 tensamentum
1321 3688 1322 3705 p

158 3711 268 3774 piatum,
292 3707 339 3757 sed
360 3705 492 3757 detersum
516 3721 575 3756 eum
596 3706 722 3768 sodalem
745 3706 841 3756 deinde
857 3705 972 3759 2—3m.
991 3710 1141 3756 rnamenta
1161 3722 1238 3772 repe·
1321 3708 1322 3711 ’

160 3779 238 3828 titum
256 3790 302 3827 eut.
320 3774 354 3827 tt.
371 3802 405 3812 —
422 3787 545 3842 praeceps
562 3773 670 3841 rapisA
730 3776 779 3827 262
797 3774 928 3840 aliquisld
984 3775 1033 3826 263
1052 3777 1236 3838 ηοη-ιιοιις

159 3845 210 3896 264
227 3843 298 3894 speie
316 3846 343 3906 ς.
360 3870 395 3880 -
412 3842 511 3908 privata
529 3841 562 3894 E.
579 3871 614 3880 -
632 3841 656 3891 in
676 3846 766 3904 anag
823 3844 872 3894 268
891 3841 999 3909 pacissei
1017 3841 1042 3891 Ε
1099 3844 1149 3895 268
1166 3841 1234 3905 haud

159 3910 260 3960 novaA
312 3911 361 3961 att
380 3908 457 3961 nichil
475 3910 499 3959 ld
567 3909 853 3976 eratspatium
919 3911 966 3962 281
987 3914 1132 3976 spartemne
1148 3910 1181 3961 A.
1198 3910 1234 3946 -'-

157 3982 185 4027 et
202 3980 364 4027 eurotantum
381 3975 407 4026 E
424 3981 546 4027 correxit
556 3976 704 4028 Gronovius
722 3983 748 4029 et
766 3990 780 4027 a
798 3981 870 4030 tanto
887 3978 942 4029 vim
961 3977 985 4026 A
1027 3980 1077 4031 283
1094 3983 1190 4030 metum
1206 3977 1234 4026 A
