2648 4478
678 672 777 749 111.¹)

262 995 447 1075 axenptaru
461 993 657 1074 interpolatae
669 993 809 1059 editionis
823 1012 902 1072 quae
911 993 942 1055 in
954 993 1054 1059 ltaliae
1064 992 1265 1061 bibliothecis

177 1089 364 1144 asservantur
385 1081 448 1141 fere
471 1078 625 1140 omnia-
640 1096 744 1143 omnes
765 1079 882 1147 codices
898 1077 1048 1143 Romanos
1063 1078 1265 1145 Florentiuos

177 1167 412 1231 Mediolanenses
426 1163 636 1244 Neapolitanos
651 1162 776 1227 Venetos
789 1163 963 1231 moerens
978 1163 1164 1229 liuticenses
1185 1164 1264 1225 Par·

177 1270 310 1313 mensem
330 1250 551 1313 Bononiensem
572 1247 770 1313 Ravennatem
793 1248 867 1313 alios
881 1282 922 1313 ,-ν
936 1248 1052 1328 inspexi
1066 1259 1096 1312 et
1110 1249 1264 1328 quaedem
1318 1272 1319 1277 ¹

177 1335 321 1417 excerpsi.
366 1335 402 1396 de
431 1333 539 1413 quibm
569 1352 636 1401 cum
665 1333 742 1401 scbu
770 1333 860 1411 digna
886 1333 968 1400 haud
995 1352 1089 1413 pauca
1118 1334 1263 1413 prolerre

176 1440 312 1502 possem,
341 1420 483 1500 pleraque
511 1428 609 1485 amen
639 1419 825 1498 paucissimis
853 1426 968 1485 tantum
995 1420 1261 1501 acceptatorem:

176 1507 250 1587 ipsis
272 1505 385 1568 scilieet
406 1514 510 1585 poetae
532 1503 628 1566 verbis
652 1523 707 1565 nec
730 1504 859 1583 quaesivi
881 1503 951 1572 iude
973 1503 1114 1573 auxilinm
1129 1522 1191 1569 soc
1211 1504 1261 1571 in·

175 1593 253 1657 reni.
297 1591 327 1654 id
349 1608 443 1655 unum
464 1607 608 1665 memoro,
630 1588 870 1668 oroquisstnun
890 1588 1183 1664 metuendorum,
1208 1590 1262 1668 qui
1318 1586 1319 1611 ³

176 1677 295 1757 quidem
318 1674 461 1755 temperis
477 1682 575 1736 nomm
592 1675 696 1748 ierant,
718 1692 785 1741 esse
799 1673 1099 1746 currentissimos,
1120 1676 1141 1736 6
1158 1675 1262 1754 scrip·
1318 1754 1319 1757 Ἴ

176 1772 239 1824 tum
251 1762 387 1834 a.1368;
404 1780 420 1821 e
432 1778 491 1839 quc
504 1760 716 1838 transscriptus
727 1767 771 1820 est
783 1760 848 1820 cod.
857 1758 1014 1820 Vaticanus
1028 1761 1109 1823 1647
1122 1760 1260 1840 scriptus
1318 1794 1319 1823 1

176 1846 265 1911 annis
295 1847 372 1909 1391
402 1853 434 1907 et
464 1846 555 1909 1392.
607 1844 721 1908 contuli
748 1861 817 1909 eum
845 1843 934 1911 baur.
963 1844 1016 1918 37,
1045 1846 1065 1909 6
1094 1843 1260 1911 Herculem

178 1932 338 2005 &mounes
357 1929 514 2016 sedilium
538 1947 657 2008 queque
679 1927 788 1993 librum
810 1937 844 1995 ut
864 1930 896 1997 in
914 1928 996 1995 ltalia
1018 1929 1102 2008 ploro
1140 1938 1278 1997 11111111
1318 1932 1319 2007 5

177 2016 320 2078 intectum
348 2013 449 2079 inveni
480 2013 761 2093 interpolationibus
793 2023 821 2079 et
854 2014 1032 2081 correcturis
1061 2033 1096 2079 ex
1149 2022 1259 2085 trusos
1318 2086 1319 2095 χ

178 2100 322 2173 oriundis,
345 2109 378 2165 ut
399 2108 495 2165 totum
517 2109 656 2165 osculere
678 2118 786 2180 eponae
808 2099 937 2179 pretium
960 2117 1021 2163 nen
1037 2099 1190 2167 ducerem.
1225 2119 1260 2165 ac
1318 2100 1319 2149 l

178 2187 337 2249 delendum
366 2192 410 2246 est
438 2184 518 2263 quod
541 2183 648 2245 iliade
672 2203 758 2246 eausa
780 2203 842 2246 nne
868 2202 903 2251 ex
923 2183 1085 2263 volgarium
1106 2183 1258 2256 librorum

177 2280 257 2333 secta
279 2271 353 2332 duce
375 2270 419 2330 nti
442 2288 503 2330 nen
525 2269 604 2330 licet.
639 2269 737 2330 missis
759 2276 855 2330 autem
879 2268 984 2330 ceteris
1006 2269 1168 2349 praeterire
1194 2290 1257 2333 non
1318 2270 1319 2351 ζ

178 2355 270 2417 debeo
286 2354 418 2417 codicem
432 2353 664 2416 Laurentianum
679 2356 731 2430 37,
749 2357 786 2416 11
803 2353 1059 2416 membranaceum
1075 2355 1188 2416 saeculi
1206 2354 1258 2417 XV
1318 2354 1319 2359 ’

177 2442 229 2521 qui
251 2440 307 2502 fuit
328 2439 403 2501 liber
423 2439 559 2519 Poggii
581 2446 614 2501 ut
636 2439 700 2518 ipse
721 2439 753 2500 in
775 2438 844 2500 libri
859 2439 939 2502 calce
954 2447 1077 2501 testatus
1091 2446 1146 2501 est.
1186 2458 1256 2501 nam

177 2527 258 2605 quod
287 2525 327 2586 ibi
356 2524 465 2603 legitur
492 2523 617 2605 LIBER.
639 2523 769 2586 POGGll
792 2524 887 2604 ipsius
908 2542 998 2587 manu
1020 2525 1164 2604 scriptum
1189 2543 1256 2587 esse

176 2611 246 2672 libri
267 2611 303 2672 ab
323 2611 389 2690 ipso
411 2610 518 2671 exarati
540 2610 591 2689 qui
606 2610 637 2670 in
654 2608 829 2671 bibliotheca
844 2609 1040 2671 Laurentisne
1059 2610 1256 2672 inveniuntur

177 2686 285 2758 docent
307 2697 345 2771 (e.
364 2713 392 2774 g.
417 2694 526 2756 codicis
549 2696 600 2770 98,
623 2695 663 2755 22
687 2694 888 2774 subscriptio).
929 2694 1002 2756 illud
1024 2694 1116 2774 igitur
1135 2702 1254 2774 tragoe-

177 2782 291 2843 diarum
314 2781 472 2860 exemplar‚
495 2779 575 2860 quod
595 2780 824 2859 transscriptum
840 2788 885 2841 est
899 2798 936 2840 ex
949 2779 1148 2841 Laurentiano
1165 2783 1219 2857 37,
1237 2784 1250 2843 1

175 2867 219 2928 vel
242 2866 305 2927 eius
327 2866 486 2939 simillimo,
508 2884 525 2926 a
546 2864 608 2925 siro
631 2865 718 2926 docte
740 2884 764 2925 s.
780 2863 831 2926 XV
846 2861 1024 2926 correcturis
1045 2865 1254 2944 frequentibus

176 2953 348 3014 adornatum
373 2959 427 3027 est,
450 2969 525 3030 quae
546 2949 700 3010 maximam
723 2959 835 3030 partem
859 2968 921 3010 non
945 2969 961 3011 e
984 2949 1255 3012 codiee'fluxerunt

178 3037 230 3098 sed
252 3035 346 3115 ipsius
369 3035 556 3096 coniecturae
579 3044 662 3095 sunt:
694 3034 726 3095 in
751 3035 861 3114 quibus
883 3034 964 3113 quod
987 3053 1061 3096 nova
1084 3035 1252 3098 emendatio

176 3122 301 3182 fortasse
323 3120 404 3181 nulla
425 3127 479 3194 est,
502 3120 530 3180 id
555 3119 729 3199 exemplaris
751 3127 855 3180 natura
877 3120 947 3181 satis
969 3119 1141 3200 explicatur,
1166 3121 1253 3182 cuius

176 3205 281 3267 menda
311 3205 347 3266 ad
374 3223 512 3266 versuum
536 3222 655 3265 normas
676 3204 892 3283 quodammode
914 3222 1068 3267 revocasse
1090 3213 1252 3268 contentus

176 3290 202 3351 si
231 3290 341 3370 optime
369 3307 431 3351 rem
460 3289 550 3368 gessit
577 3289 726 3367 vulgarem
748 3289 906 3351 lectionem
929 3289 1074 3366 restituit,
1104 3290 1253 3352 siminus

176 3374 352 3456 plerumque
378 3374 575 3449 tolerabilem,
604 3381 633 3435 et
660 3375 786 3436 subinde
809 3373 926 3455 quidem
950 3393 1013 3437 eam
1036 3392 1123 3455 quam
1146 3375 1253 3438 Aldina

176 3460 292 3522 Avantii
314 3459 403 3521 editio
425 3459 553 3539 primum
575 3461 681 3521 referte
711 3478 771 3540 quo
794 3458 1014 3539 comprobatur,
1041 3461 1120 3539 quod
1142 3479 1199 3540 per
1220 3479 1252 3521 se

175 3545 236 3606 veri
259 3544 315 3606 tuit
335 3544 440 3616 simile,
463 3563 524 3606 non
548 3545 645 3606 omnia
667 3563 743 3624 quas
760 3545 791 3605 in
807 3544 855 3606 illa
871 3553 975 3607 novata
989 3545 1111 3607 suntab
1126 3544 1250 3608 brantio

175 3631 241 3711 ipso
270 3630 387 3693 inventa
415 3649 490 3692 esse.
536 3639 625 3709 atque
654 3630 722 3691 libri
750 3638 949 3691 correctorem
978 3630 1077 3710 ipsum
1104 3630 1249 3710 Poggium

176 3716 267 3777 luisse
287 3715 413 3778 maxime
428 3715 580 3796 probabile
595 3724 640 3776 est
646 3732 655 3791 ;
679 3714 758 3794 quod
775 3723 855 3776 extre
871 3713 1083 3777 dubitationem
1098 3716 1170 3796 poni
1188 3735 1249 3779 nnn

193 3986 204 4034 t
263 3900 281 3975 ¹)
300 3915 392 3995 abhinc
409 3931 508 3968 rursum
524 3932 606 3984 usque
624 3915 657 3969 ad
670 3915 747 3968 tinem
759 3916 816 3979 libri
831 3915 952 3969 Gronovii
962 3917 988 3968 in
1001 3915 1120 3969 notandis
1131 3917 1247 3970 versibus

175 3997 276 4036 namur
292 3997 411 4037 numeris.
