<?xml version="1.0" encoding="UTF-8"?>
<!DOCTYPE html PUBLIC "-//W3C//DTD XHTML 1.0 Transitional//EN"
    "http://www.w3.org/TR/xhtml1/DTD/xhtml1-transitional.dtd">
<html xmlns="http://www.w3.org/1999/xhtml" xml:lang="en" lang="en">
 <head>
  <title>
</title>
<meta http-equiv="Content-Type" content="text/html;charset=utf-8" />
  <meta name='ocr-system' content='tesseract 3.04.00' />
  <meta name='ocr-capabilities' content='ocr_page ocr_carea ocr_par ocr_line ocrx_word'/>
</head>
<body>
  <div class='ocr_page' id='page_1' title='image "./lannaeisenecaet00leogoog_0558.png"; bbox 0 0 2658 4488; ppageno 0'>
   <div class='ocr_carea' id='block_1_1' title="bbox 555 232 695 280">
    <p class='ocr_par' dir='ltr' id='par_1_1' title="bbox 555 232 695 280">
     <span class='ocr_line' id='line_1_1' title="bbox 555 232 695 280; baseline 0 -1"><span class='ocrx_word' id='word_1_1' title='bbox 555 232 695 280; x_wconf 67' lang='lat' dir='ltr'>numeros</span> 
     </span>
    </p>
   </div>
   <div class='ocr_carea' id='block_1_2' title="bbox 205 385 807 1574">
    <p class='ocr_par' dir='ltr' id='par_1_2' title="bbox 217 385 774 468">
     <span class='ocr_line' id='line_1_2' title="bbox 217 385 774 468; baseline 0.002 -19"><span class='ocrx_word' id='word_1_2' title='bbox 217 405 386 468; x_wconf 76' lang='lat' dir='ltr'>magnoque</span> <span class='ocrx_word' id='word_1_3' title='bbox 407 386 506 448; x_wconf 87' lang='lat' dir='ltr'>minor</span> <span class='ocrx_word' id='word_1_4' title='bbox 525 385 625 448; x_wconf 68' lang='lat' dir='ltr'>inmota</span> <span class='ocrx_word' id='word_1_5' title='bbox 647 387 774 450; x_wconf 79' lang='lat' dir='ltr'><strong>Draconi</strong></span> 
     </span>
    </p>

    <p class='ocr_par' dir='ltr' id='par_1_3' title="bbox 216 472 692 553">
     <span class='ocr_line' id='line_1_3' title="bbox 216 472 692 553; baseline -0.002 -18"><span class='ocrx_word' id='word_1_6' title='bbox 216 473 321 553; x_wconf 79' lang='lat' dir='ltr'>frigida</span> <span class='ocrx_word' id='word_1_7' title='bbox 342 473 417 534; x_wconf 91' lang='lat' dir='ltr'>duro</span> <span class='ocrx_word' id='word_1_8' title='bbox 440 472 590 552; x_wconf 77' lang='lat' dir='ltr'>Cynosura</span> <span class='ocrx_word' id='word_1_9' title='bbox 613 473 692 551; x_wconf 83' lang='lat' dir='ltr'>gelo,</span> 
     </span>
    </p>

    <p class='ocr_par' dir='ltr' id='par_1_4' title="bbox 219 557 710 639">
     <span class='ocr_line' id='line_1_4' title="bbox 219 557 710 639; baseline -0.002 -18"><span class='ocrx_word' id='word_1_10' title='bbox 219 567 377 639; x_wconf 84' lang='lat' dir='ltr'>custosque</span> <span class='ocrx_word' id='word_1_11' title='bbox 398 559 444 619; x_wconf 90' lang='lat' dir='ltr'>sni</span> <span class='ocrx_word' id='word_1_12' title='bbox 466 558 565 619; x_wconf 77' lang='lat' dir='ltr'>tardas</span> <span class='ocrx_word' id='word_1_13' title='bbox 587 557 710 638; x_wconf 81' lang='lat' dir='ltr'>plaustri</span> 
     </span>
    </p>

    <p class='ocr_par' dir='ltr' id='par_1_5' title="bbox 217 642 807 810">
     <span class='ocr_line' id='line_1_5' title="bbox 217 642 807 725; baseline 0.002 -19"><span class='ocrx_word' id='word_1_14' title='bbox 217 644 275 706; x_wconf 89' lang='lat' dir='ltr'>iam</span> <span class='ocrx_word' id='word_1_15' title='bbox 297 661 358 705; x_wconf 87' lang='lat' dir='ltr'>non</span> <span class='ocrx_word' id='word_1_16' title='bbox 380 642 491 704; x_wconf 84' lang='lat' dir='ltr'>stabilis</span> <span class='ocrx_word' id='word_1_17' title='bbox 512 653 579 704; x_wconf 90' lang='lat' dir='ltr'>ruet</span> <span class='ocrx_word' id='word_1_18' title='bbox 600 645 807 725; x_wconf 76' lang='lat' dir='ltr'><strong>Arctophylax.</strong></span> 
     </span>
     <span class='ocr_line' id='line_1_6' title="bbox 293 728 707 810; baseline 0.002 -21"><span class='ocrx_word' id='word_1_19' title='bbox 293 728 355 791; x_wconf 90' lang='lat' dir='ltr'>Nos</span> <span class='ocrx_word' id='word_1_20' title='bbox 377 746 393 789; x_wconf 93' lang='lat' dir='ltr'>e</span> <span class='ocrx_word' id='word_1_21' title='bbox 415 735 496 799; x_wconf 87' lang='lat' dir='ltr'>tanto</span> <span class='ocrx_word' id='word_1_22' title='bbox 518 729 572 789; x_wconf 86' lang='lat' dir='ltr'>risi</span> <span class='ocrx_word' id='word_1_23' title='bbox 594 730 707 810; x_wconf 87' lang='lat' dir='ltr'>populo</span> 
     </span>
    </p>

    <p class='ocr_par' dir='ltr' id='par_1_6' title="bbox 205 813 689 894">
     <span class='ocr_line' id='line_1_7' title="bbox 205 813 689 894; baseline 0 -19"><span class='ocrx_word' id='word_1_24' title='bbox 205 813 299 892; x_wconf 68' lang='lat' dir='ltr'>,digni</span> <span class='ocrx_word' id='word_1_25' title='bbox 320 820 469 894; x_wconf 86' lang='lat' dir='ltr'>premeret</span> <span class='ocrx_word' id='word_1_26' title='bbox 490 828 565 892; x_wconf 89' lang='lat' dir='ltr'>qnos</span> <span class='ocrx_word' id='word_1_27' title='bbox 588 830 689 875; x_wconf 77' lang='lat' dir='ltr'>everso</span> 
     </span>
    </p>

    <p class='ocr_par' dir='ltr' id='par_1_7' title="bbox 218 895 509 960">
     <span class='ocr_line' id='line_1_8' title="bbox 218 895 509 960; baseline -0.007 0"><span class='ocrx_word' id='word_1_28' title='bbox 218 899 337 960; x_wconf 87' lang='lat' dir='ltr'>cardine</span> <span class='ocrx_word' id='word_1_29' title='bbox 357 895 509 959; x_wconf 75' lang='lat' dir='ltr'>mundns?</span> 
     </span>
    </p>

    <p class='ocr_par' dir='ltr' id='par_1_8' title="bbox 218 982 676 1045">
     <span class='ocr_line' id='line_1_9' title="bbox 218 982 676 1045; baseline 0.002 -1"><span class='ocrx_word' id='word_1_30' title='bbox 218 984 250 1045; x_wconf 91' lang='lat' dir='ltr'>in</span> <span class='ocrx_word' id='word_1_31' title='bbox 273 1002 329 1044; x_wconf 91' lang='lat' dir='ltr'>nos</span> <span class='ocrx_word' id='word_1_32' title='bbox 349 992 428 1044; x_wconf 88' lang='lat' dir='ltr'>aetas</span> <span class='ocrx_word' id='word_1_33' title='bbox 450 982 552 1045; x_wconf 83' lang='lat' dir='ltr'>ultima</span> <span class='ocrx_word' id='word_1_34' title='bbox 573 982 676 1045; x_wconf 81' lang='lat' dir='ltr'>veniat</span> 
     </span>
    </p>

    <p class='ocr_par' dir='ltr' id='par_1_9' title="bbox 218 1069 656 1142">
     <span class='ocr_line' id='line_1_10' title="bbox 218 1069 656 1142; baseline 0.002 -13"><span class='ocrx_word' id='word_1_35' title='bbox 218 1087 236 1129; x_wconf 92' lang='lat' dir='ltr'>o</span> <span class='ocrx_word' id='word_1_36' title='bbox 259 1087 315 1129; x_wconf 93' lang='lat' dir='ltr'>nos</span> <span class='ocrx_word' id='word_1_37' title='bbox 335 1069 408 1129; x_wconf 88' lang='lat' dir='ltr'>dura</span> <span class='ocrx_word' id='word_1_38' title='bbox 430 1076 510 1129; x_wconf 84' lang='lat' dir='ltr'>sorte</span> <span class='ocrx_word' id='word_1_39' title='bbox 531 1078 656 1142; x_wconf 82' lang='lat' dir='ltr'>creatos,</span> 
     </span>
    </p>

    <p class='ocr_par' dir='ltr' id='par_1_10' title="bbox 218 1153 719 1235">
     <span class='ocr_line' id='line_1_11' title="bbox 218 1153 719 1235; baseline 0 -21"><span class='ocrx_word' id='word_1_40' title='bbox 218 1172 270 1215; x_wconf 90' lang='lat' dir='ltr'>seu</span> <span class='ocrx_word' id='word_1_41' title='bbox 293 1153 474 1235; x_wconf 75' lang='lat' dir='ltr'>perdidimus</span> <span class='ocrx_word' id='word_1_42' title='bbox 494 1154 588 1215; x_wconf 83' lang='lat' dir='ltr'>solem</span> <span class='ocrx_word' id='word_1_43' title='bbox 608 1153 719 1229; x_wconf 85' lang='lat' dir='ltr'>miseri,</span> 
     </span>
    </p>

    <p class='ocr_par' dir='ltr' id='par_1_11' title="bbox 218 1237 480 1320">
     <span class='ocr_line' id='line_1_12' title="bbox 218 1237 480 1320; baseline -0.004 -20"><span class='ocrx_word' id='word_1_44' title='bbox 218 1239 278 1300; x_wconf 89' lang='lat' dir='ltr'>sive</span> <span class='ocrx_word' id='word_1_45' title='bbox 300 1237 480 1320; x_wconf 70' lang='lat' dir='ltr'>expulimus!</span> 
     </span>
    </p>

    <p class='ocr_par' dir='ltr' id='par_1_12' title="bbox 219 1321 760 1404">
     <span class='ocr_line' id='line_1_13' title="bbox 219 1321 760 1404; baseline 0 -20"><span class='ocrx_word' id='word_1_46' title='bbox 219 1323 325 1385; x_wconf 91' lang='lat' dir='ltr'>abeant</span> <span class='ocrx_word' id='word_1_47' title='bbox 348 1321 480 1404; x_wconf 72' lang='lat' dir='ltr'>questns&#39;,</span> <span class='ocrx_word' id='word_1_48' title='bbox 503 1323 629 1398; x_wconf 87' lang='lat' dir='ltr'>discede,</span> <span class='ocrx_word' id='word_1_49' title='bbox 653 1323 760 1384; x_wconf 88' lang='lat' dir='ltr'>timor:</span> 
     </span>
    </p>

    <p class='ocr_par' dir='ltr' id='par_1_13' title="bbox 218 1408 805 1489">
     <span class='ocr_line' id='line_1_14' title="bbox 218 1408 805 1489; baseline 0.002 -19"><span class='ocrx_word' id='word_1_50' title='bbox 218 1409 293 1471; x_wconf 90' lang='lat' dir='ltr'>ritae</span> <span class='ocrx_word' id='word_1_51' title='bbox 316 1418 362 1471; x_wconf 87' lang='lat' dir='ltr'>est-</span> <span class='ocrx_word' id='word_1_52' title='bbox 380 1409 481 1470; x_wconf 83' lang='lat' dir='ltr'>aridns</span> <span class='ocrx_word' id='word_1_53' title='bbox 503 1408 637 1489; x_wconf 67' lang='lat' dir='ltr'>quisquis</span> <span class='ocrx_word' id='word_1_54' title='bbox 659 1424 720 1469; x_wconf 90' lang='lat' dir='ltr'>non</span> <span class='ocrx_word' id='word_1_55' title='bbox 742 1409 805 1471; x_wconf 84' lang='lat' dir='ltr'>vult</span> 
     </span>
    </p>

    <p class='ocr_par' dir='ltr' id='par_1_14' title="bbox 217 1495 778 1574">
     <span class='ocr_line' id='line_1_15' title="bbox 217 1495 778 1574; baseline -0.004 -18"><span class='ocrx_word' id='word_1_56' title='bbox 217 1495 329 1556; x_wconf 91' lang='lat' dir='ltr'>mundo</span> <span class='ocrx_word' id='word_1_57' title='bbox 352 1504 459 1556; x_wconf 64' lang='lat' dir='ltr'>seeum*</span> <span class='ocrx_word' id='word_1_58' title='bbox 474 1505 618 1574; x_wconf 87' lang='lat' dir='ltr'>pereunte</span> <span class='ocrx_word' id='word_1_59' title='bbox 641 1495 726 1555; x_wconf 91' lang='lat' dir='ltr'>meri.</span> <span class='ocrx_word' id='word_1_60' title='bbox 776 1525 778 1529; x_wconf 95' lang='lat'>·</span> 
     </span>
    </p>
   </div>
   <div class='ocr_carea' id='block_1_3' title="bbox 379 1644 528 1721">
    <p class='ocr_par' dir='ltr' id='par_1_15' title="bbox 379 1644 528 1721">
     <span class='ocr_line' id='line_1_16' title="bbox 379 1644 528 1721; baseline 0 -15"><span class='ocrx_word' id='word_1_61' title='bbox 379 1644 528 1721; x_wconf 70' lang='lat' dir='ltr'>nrnnrs</span> 
     </span>
    </p>
   </div>
   <div class='ocr_carea' id='block_1_4' title="bbox 39 1747 1050 3275">
    <p class='ocr_par' dir='ltr' id='par_1_16' title="bbox 39 1747 1050 3275">
     <span class='ocr_line' id='line_1_17' title="bbox 175 1747 867 1831; baseline 0.004 -23"><span class='ocrx_word' id='word_1_62' title='bbox 175 1747 312 1828; x_wconf 75' lang='lat' dir='ltr'>Aequalis</span> <span class='ocrx_word' id='word_1_63' title='bbox 333 1747 419 1809; x_wconf 89' lang='lat' dir='ltr'>astris</span> <span class='ocrx_word' id='word_1_64' title='bbox 440 1747 558 1826; x_wconf 80' lang='lat' dir='ltr'>gradior</span> <span class='ocrx_word' id='word_1_65' title='bbox 580 1758 609 1808; x_wconf 90' lang='lat' dir='ltr'>et</span> <span class='ocrx_word' id='word_1_66' title='bbox 630 1758 755 1810; x_wconf 88' lang='lat' dir='ltr'>onnotos</span> <span class='ocrx_word' id='word_1_67' title='bbox 776 1768 867 1831; x_wconf 89' lang='lat' dir='ltr'>snper</span> 
     </span>
     <span class='ocr_line' id='line_1_18' title="bbox 89 1831 764 1914; baseline 0 -20"><span class='ocrx_word' id='word_1_68' title='bbox 89 1832 180 1895; x_wconf 90' lang='lat' dir='ltr'>altum</span> <span class='ocrx_word' id='word_1_69' title='bbox 203 1833 332 1914; x_wconf 86' lang='lat' dir='ltr'>superbo</span> <span class='ocrx_word' id='word_1_70' title='bbox 354 1831 462 1894; x_wconf 85' lang='lat' dir='ltr'>vertice</span> <span class='ocrx_word' id='word_1_71' title='bbox 482 1832 631 1912; x_wconf 79' lang='lat' dir='ltr'>attingens</span> <span class='ocrx_word' id='word_1_72' title='bbox 652 1833 764 1914; x_wconf 72' lang='lat' dir='ltr'>polum.</span> 
     </span>
     <span class='ocr_line' id='line_1_19' title="bbox 90 1917 1050 2001; baseline 0.001 -21"><span class='ocrx_word' id='word_1_73' title='bbox 90 1932 172 1980; x_wconf 82' lang='lat' dir='ltr'>nune</span> <span class='ocrx_word' id='word_1_74' title='bbox 194 1918 299 1980; x_wconf 86' lang='lat' dir='ltr'>deeora</span> <span class='ocrx_word' id='word_1_75' title='bbox 321 1917 407 1997; x_wconf 80' lang='lat' dir='ltr'>regni</span> <span class='ocrx_word' id='word_1_76' title='bbox 429 1925 527 1991; x_wconf 87' lang='lat' dir='ltr'>teneo,</span> <span class='ocrx_word' id='word_1_77' title='bbox 551 1936 632 1980; x_wconf 90' lang='lat' dir='ltr'>nnno</span> <span class='ocrx_word' id='word_1_78' title='bbox 654 1919 760 1980; x_wconf 82' lang='lat' dir='ltr'>solium</span> <span class='ocrx_word' id='word_1_79' title='bbox 783 1919 884 2000; x_wconf 87' lang='lat' dir='ltr'>patris.</span> <span class='ocrx_word' id='word_1_80' title='bbox 965 1998 969 2001; x_wconf 19' lang='grc' dir='ltr'>ι</span> <span class='ocrx_word' id='word_1_81' title='bbox 1047 1990 1050 1997; x_wconf 77' lang='lat'><em>,</em></span> 
     </span>
     <span class='ocr_line' id='line_1_20' title="bbox 91 2003 775 2085; baseline -0.001 -20"><span class='ocrx_word' id='word_1_82' title='bbox 91 2003 206 2065; x_wconf 75' lang='lat' dir='ltr'>dimitto</span> <span class='ocrx_word' id='word_1_83' title='bbox 228 2021 367 2085; x_wconf 85' lang='lat' dir='ltr'>superos:</span> <span class='ocrx_word' id='word_1_84' title='bbox 391 2021 504 2065; x_wconf 91' lang='lat' dir='ltr'>summa</span> <span class='ocrx_word' id='word_1_85' title='bbox 526 2014 663 2065; x_wconf 89' lang='lat' dir='ltr'>votorum</span> <span class='ocrx_word' id='word_1_86' title='bbox 685 2005 775 2084; x_wconf 83' lang='lat' dir='ltr'>attigi.</span> 
     </span>
     <span class='ocr_line' id='line_1_21' title="bbox 89 2088 881 2163; baseline 0.003 -13"><span class='ocrx_word' id='word_1_87' title='bbox 89 2088 166 2150; x_wconf 90' lang='lat' dir='ltr'>bene</span> <span class='ocrx_word' id='word_1_88' title='bbox 189 2099 242 2163; x_wconf 86' lang='lat' dir='ltr'>est,</span> <span class='ocrx_word' id='word_1_89' title='bbox 264 2088 381 2150; x_wconf 79' lang='lat' dir='ltr'>abunde</span> <span class='ocrx_word' id='word_1_90' title='bbox 404 2098 457 2162; x_wconf 90' lang='lat' dir='ltr'>est,</span> <span class='ocrx_word' id='word_1_91' title='bbox 479 2089 537 2150; x_wconf 91' lang='lat' dir='ltr'>iam</span> <span class='ocrx_word' id='word_1_92' title='bbox 559 2097 668 2161; x_wconf 84' lang='lat' dir='ltr'>satest</span> <span class='ocrx_word' id='word_1_93' title='bbox 691 2090 776 2151; x_wconf 83' lang='lat' dir='ltr'>etiam</span> <span class='ocrx_word' id='word_1_94' title='bbox 799 2090 881 2153; x_wconf 88' lang='lat' dir='ltr'>mihi.</span> 
     </span>
     <span class='ocr_line' id='line_1_22' title="bbox 90 2171 830 2257; baseline 0.003 -22"><span class='ocrx_word' id='word_1_95' title='bbox 90 2174 141 2235; x_wconf 93' lang='lat' dir='ltr'>sed</span> <span class='ocrx_word' id='word_1_96' title='bbox 163 2193 218 2236; x_wconf 91' lang='lat' dir='ltr'>our</span> <span class='ocrx_word' id='word_1_97' title='bbox 238 2173 309 2235; x_wconf 87' lang='lat' dir='ltr'>satis</span> <span class='ocrx_word' id='word_1_98' title='bbox 330 2171 392 2237; x_wconf 75' lang='lat' dir='ltr'>sit?</span> <span class='ocrx_word' id='word_1_99' title='bbox 420 2192 459 2234; x_wconf 92' lang='lat' dir='ltr'>ne</span> <span class='ocrx_word' id='word_1_100' title='bbox 481 2174 551 2254; x_wconf 86' lang='lat' dir='ltr'>quid</span> <span class='ocrx_word' id='word_1_101' title='bbox 575 2173 703 2236; x_wconf 86' lang='lat' dir='ltr'>obstaret</span> <span class='ocrx_word' id='word_1_102' title='bbox 724 2176 830 2257; x_wconf 86' lang='lat' dir='ltr'>pudor,</span> 
     </span>
     <span class='ocr_line' id='line_1_23' title="bbox 39 2259 757 2340; baseline 0 -20"><span class='ocrx_word' id='word_1_103' title='bbox 39 2278 43 2285; x_wconf 77' lang='grc'><strong>’</strong></span> <span class='ocrx_word' id='word_1_104' title='bbox 91 2259 154 2321; x_wconf 90' lang='lat' dir='ltr'>dies</span> <span class='ocrx_word' id='word_1_105' title='bbox 173 2259 311 2320; x_wconf 82' lang='lat' dir='ltr'><strong>recessit:</strong></span> <span class='ocrx_word' id='word_1_106' title='bbox 334 2277 425 2340; x_wconf 82' lang='lat' dir='ltr'><strong>perge</strong></span> <span class='ocrx_word' id='word_1_107' title='bbox 447 2259 516 2320; x_wconf 91' lang='lat' dir='ltr'>dnm</span> <span class='ocrx_word' id='word_1_108' title='bbox 533 2259 645 2320; x_wconf 86' lang='lat' dir='ltr'>eaelum</span> <span class='ocrx_word' id='word_1_109' title='bbox 667 2270 757 2322; x_wconf 81' lang='lat' dir='ltr'>vacat.</span> 
     </span>
     <span class='ocr_line' id='line_1_24' title="bbox 90 2343 727 2424; baseline 0.002 -19"><span class='ocrx_word' id='word_1_110' title='bbox 90 2344 203 2405; x_wconf 89' lang='lat' dir='ltr'>utinam</span> <span class='ocrx_word' id='word_1_111' title='bbox 224 2343 343 2424; x_wconf 89' lang='lat' dir='ltr'>quidem</span> <span class='ocrx_word' id='word_1_112' title='bbox 364 2354 466 2404; x_wconf 91' lang='lat' dir='ltr'>tenere</span> <span class='ocrx_word' id='word_1_113' title='bbox 488 2344 634 2422; x_wconf 81' lang='lat' dir='ltr'>fugientes</span> <span class='ocrx_word' id='word_1_114' title='bbox 655 2345 727 2407; x_wconf 90' lang='lat' dir='ltr'>deos</span> 
     </span>
     <span class='ocr_line' id='line_1_25' title="bbox 91 2429 888 2513; baseline 0.006 -24"><span class='ocrx_word' id='word_1_115' title='bbox 91 2447 210 2510; x_wconf 88' lang='lat' dir='ltr'>possem</span> <span class='ocrx_word' id='word_1_116' title='bbox 232 2438 261 2490; x_wconf 89' lang='lat' dir='ltr'>et</span> <span class='ocrx_word' id='word_1_117' title='bbox 282 2438 401 2490; x_wconf 84' lang='lat' dir='ltr'>coactos</span> <span class='ocrx_word' id='word_1_118' title='bbox 421 2429 547 2503; x_wconf 80' lang='lat' dir='ltr'>trahere,</span> <span class='ocrx_word' id='word_1_119' title='bbox 570 2437 604 2491; x_wconf 88' lang='lat' dir='ltr'>nt</span> <span class='ocrx_word' id='word_1_120' title='bbox 625 2429 761 2492; x_wconf 73' lang='lat' dir='ltr'>ultricem</span> <span class='ocrx_word' id='word_1_121' title='bbox 784 2433 888 2513; x_wconf 82' lang='lat' dir='ltr'>dapem</span> 
     </span>
     <span class='ocr_line' id='line_1_26' title="bbox 92 2513 884 2598; baseline 0.005 -23"><span class='ocrx_word' id='word_1_122' title='bbox 92 2532 196 2575; x_wconf 90' lang='lat' dir='ltr'>omnes</span> <span class='ocrx_word' id='word_1_123' title='bbox 215 2513 348 2575; x_wconf 85' lang='lat' dir='ltr'>viderent</span> <span class='ocrx_word' id='word_1_124' title='bbox 368 2548 412 2558; x_wconf 94' lang='lat'><em>-</em></span> <span class='ocrx_word' id='word_1_125' title='bbox 434 2514 513 2594; x_wconf 91' lang='lat' dir='ltr'>quod</span> <span class='ocrx_word' id='word_1_126' title='bbox 535 2524 579 2575; x_wconf 85' lang='lat' dir='ltr'>sat</span> <span class='ocrx_word' id='word_1_127' title='bbox 601 2527 654 2589; x_wconf 84' lang='lat' dir='ltr'>est,</span> <span class='ocrx_word' id='word_1_128' title='bbox 677 2517 770 2578; x_wconf 90' lang='lat' dir='ltr'>rideat</span> <span class='ocrx_word' id='word_1_129' title='bbox 791 2527 884 2598; x_wconf 88' lang='lat' dir='ltr'>pater.</span> 
     </span>
     <span class='ocr_line' id='line_1_27' title="bbox 92 2598 642 2662; baseline 0 -2"><span class='ocrx_word' id='word_1_130' title='bbox 92 2598 180 2661; x_wconf 89' lang='lat' dir='ltr'>etiam</span> <span class='ocrx_word' id='word_1_131' title='bbox 201 2599 248 2660; x_wconf 92' lang='lat' dir='ltr'>die</span> <span class='ocrx_word' id='word_1_132' title='bbox 270 2599 391 2660; x_wconf 91' lang='lat' dir='ltr'>nolente</span> <span class='ocrx_word' id='word_1_133' title='bbox 412 2598 565 2660; x_wconf 85' lang='lat' dir='ltr'>discutiam</span> <span class='ocrx_word' id='word_1_134' title='bbox 588 2600 642 2662; x_wconf 86' lang='lat' dir='ltr'>tibi</span> 
     </span>
     <span class='ocr_line' id='line_1_28' title="bbox 93 2683 837 2765; baseline 0.001 -21"><span class='ocrx_word' id='word_1_135' title='bbox 93 2683 238 2759; x_wconf 85' lang='lat' dir='ltr'>tenebras,</span> <span class='ocrx_word' id='word_1_136' title='bbox 259 2684 395 2746; x_wconf 85' lang='lat' dir='ltr'>miseriae</span> <span class='ocrx_word' id='word_1_137' title='bbox 417 2683 473 2746; x_wconf 88' lang='lat' dir='ltr'>snb</span> <span class='ocrx_word' id='word_1_138' title='bbox 496 2685 604 2765; x_wconf 86' lang='lat' dir='ltr'>quibus</span> <span class='ocrx_word' id='word_1_139' title='bbox 625 2685 740 2747; x_wconf 85' lang='lat' dir='ltr'>latitant</span> <span class='ocrx_word' id='word_1_140' title='bbox 760 2697 837 2746; x_wconf 90' lang='lat' dir='ltr'>tuae.</span> 
     </span>
     <span class='ocr_line' id='line_1_29' title="bbox 92 2768 624 2831; baseline 0.002 -1"><span class='ocrx_word' id='word_1_141' title='bbox 92 2768 180 2830; x_wconf 88' lang='lat' dir='ltr'>nimis</span> <span class='ocrx_word' id='word_1_142' title='bbox 202 2769 253 2831; x_wconf 90' lang='lat' dir='ltr'>din</span> <span class='ocrx_word' id='word_1_143' title='bbox 276 2769 398 2831; x_wconf 86' lang='lat' dir='ltr'>conviva</span> <span class='ocrx_word' id='word_1_144' title='bbox 420 2787 524 2830; x_wconf 85' lang='lat' dir='ltr'>securo</span> <span class='ocrx_word' id='word_1_145' title='bbox 546 2770 624 2831; x_wconf 84' lang='lat' dir='ltr'>iaces</span> 
     </span>
     <span class='ocr_line' id='line_1_30' title="bbox 91 2853 841 2935; baseline 0.001 -21"><span class='ocrx_word' id='word_1_146' title='bbox 91 2853 235 2935; x_wconf 87' lang='lat' dir='ltr'>hilarique</span> <span class='ocrx_word' id='word_1_147' title='bbox 255 2855 350 2927; x_wconf 84' lang='lat' dir='ltr'>vultu,</span> <span class='ocrx_word' id='word_1_148' title='bbox 371 2854 429 2915; x_wconf 93' lang='lat' dir='ltr'>iam</span> <span class='ocrx_word' id='word_1_149' title='bbox 451 2854 521 2915; x_wconf 88' lang='lat' dir='ltr'>satis</span> <span class='ocrx_word' id='word_1_150' title='bbox 542 2855 653 2916; x_wconf 84' lang='lat' dir='ltr'>mensis</span> <span class='ocrx_word' id='word_1_151' title='bbox 674 2856 774 2916; x_wconf 85' lang='lat' dir='ltr'>datum</span> <span class='ocrx_word' id='word_1_152' title='bbox 796 2864 841 2915; x_wconf 86' lang='lat' dir='ltr'>est</span> 
     </span>
     <span class='ocr_line' id='line_1_31' title="bbox 91 2938 751 3020; baseline -0.003 -19"><span class='ocrx_word' id='word_1_153' title='bbox 91 2940 219 3020; x_wconf 89' lang='lat' dir='ltr'>satisque</span> <span class='ocrx_word' id='word_1_154' title='bbox 240 2939 372 3001; x_wconf 83' lang='lat' dir='ltr'>Baooho:</span> <span class='ocrx_word' id='word_1_155' title='bbox 394 2939 494 3001; x_wconf 83' lang='lat' dir='ltr'>sobrio</span> <span class='ocrx_word' id='word_1_156' title='bbox 514 2947 596 3001; x_wconf 88' lang='lat' dir='ltr'>tanta</span> <span class='ocrx_word' id='word_1_157' title='bbox 617 2940 653 3001; x_wconf 88' lang='lat' dir='ltr'>ad</span> <span class='ocrx_word' id='word_1_158' title='bbox 675 2938 751 3000; x_wconf 86' lang='lat' dir='ltr'>mela</span> 
     </span>
     <span class='ocr_line' id='line_1_32' title="bbox 92 3024 815 3105; baseline 0 -19"><span class='ocrx_word' id='word_1_159' title='bbox 92 3043 168 3105; x_wconf 84' lang='lat' dir='ltr'>opus</span> <span class='ocrx_word' id='word_1_160' title='bbox 190 3033 234 3086; x_wconf 91' lang='lat' dir='ltr'>est</span> <span class='ocrx_word' id='word_1_161' title='bbox 255 3024 391 3104; x_wconf 76' lang='lat' dir='ltr'>Thyeste.</span> <span class='ocrx_word' id='word_1_162' title='bbox 449 3024 534 3085; x_wconf 88' lang='lat' dir='ltr'>turba</span> <span class='ocrx_word' id='word_1_163' title='bbox 556 3024 714 3098; x_wconf 81' lang='lat' dir='ltr'>famuleris,</span> <span class='ocrx_word' id='word_1_164' title='bbox 737 3025 815 3086; x_wconf 82' lang='lat' dir='ltr'>iores</span> 
     </span>
     <span class='ocr_line' id='line_1_33' title="bbox 91 3109 693 3191; baseline -0.003 -20"><span class='ocrx_word' id='word_1_165' title='bbox 91 3110 195 3191; x_wconf 84' lang='lat' dir='ltr'>templi</span> <span class='ocrx_word' id='word_1_166' title='bbox 216 3109 323 3184; x_wconf 83' lang='lat' dir='ltr'>relaxa,</span> <span class='ocrx_word' id='word_1_167' title='bbox 345 3109 418 3171; x_wconf 83' lang='lat' dir='ltr'>festa</span> <span class='ocrx_word' id='word_1_168' title='bbox 439 3110 557 3190; x_wconf 87' lang='lat' dir='ltr'>patefiat</span> <span class='ocrx_word' id='word_1_169' title='bbox 579 3111 693 3172; x_wconf 90' lang='lat' dir='ltr'>domus.</span> 
     </span>
     <span class='ocr_line' id='line_1_34' title="bbox 90 3194 708 3275; baseline 0 -20"><span class='ocrx_word' id='word_1_170' title='bbox 90 3194 161 3255; x_wconf 88' lang='lat' dir='ltr'>libet</span> <span class='ocrx_word' id='word_1_171' title='bbox 182 3195 290 3269; x_wconf 86' lang='lat' dir='ltr'>videre,</span> <span class='ocrx_word' id='word_1_172' title='bbox 312 3195 407 3275; x_wconf 86' lang='lat' dir='ltr'>oapita</span> <span class='ocrx_word' id='word_1_173' title='bbox 431 3205 566 3257; x_wconf 88' lang='lat' dir='ltr'>natorum</span> <span class='ocrx_word' id='word_1_174' title='bbox 588 3196 708 3257; x_wconf 85' lang='lat' dir='ltr'>intuens</span> 
     </span>
    </p>
   </div>
   <div class='ocr_carea' id='block_1_5' title="bbox 92 3412 1159 3480">
    <p class='ocr_par' dir='ltr' id='par_1_17' title="bbox 92 3412 1159 3480">
     <span class='ocr_line' id='line_1_35' title="bbox 92 3412 1159 3480; baseline 0.005 -18"><span class='ocrx_word' id='word_1_175' title='bbox 92 3426 197 3479; x_wconf 73' lang='lat' dir='ltr'>pergam</span> <span class='ocrx_word' id='word_1_176' title='bbox 214 3417 241 3463; x_wconf 88' lang='lat' dir='ltr'>et</span> <span class='ocrx_word' id='word_1_177' title='bbox 258 3412 370 3480; x_wconf 84' lang='lat' dir='ltr'>implebo</span> <span class='ocrx_word' id='word_1_178' title='bbox 388 3415 486 3479; x_wconf 83' lang='lat' dir='ltr'>patrem</span> <span class='ocrx_word' id='word_1_179' title='bbox 501 3412 505 3480; x_wconf 69' lang='lat' dir='ltr'>d</span> <span class='ocrx_word' id='word_1_180' title='bbox 521 3412 608 3463; x_wconf 80' lang='lat' dir='ltr'>funere</span> <span class='ocrx_word' id='word_1_181' title='bbox 625 3427 728 3464; x_wconf 89' lang='lat' dir='ltr'>suornm</span> <span class='ocrx_word' id='word_1_182' title='bbox 1043 3413 1099 3467; x_wconf 73' lang='lat' dir='ltr'>eoo*³</span> <span class='ocrx_word' id='word_1_183' title='bbox 1108 3421 1159 3467; x_wconf 80' lang='lat'>891¹</span> 
     </span>
    </p>
   </div>
   <div class='ocr_carea' id='block_1_6' title="bbox 92 3631 1165 4036">
    <p class='ocr_par' dir='ltr' id='par_1_18' title="bbox 92 3631 1163 4036">
     <span class='ocr_line' id='line_1_36' title="bbox 178 3631 1163 3701; baseline -0.001 -15"><span class='ocrx_word' id='word_1_184' title='bbox 178 3635 226 3686; x_wconf 77' lang='grc'>872</span> <span class='ocrx_word' id='word_1_185' title='bbox 245 3647 388 3701; x_wconf 85' lang='lat' dir='ltr'>oynosoyra</span> <span class='ocrx_word' id='word_1_186' title='bbox 405 3633 431 3684; x_wconf 88' lang='grc' dir='ltr'><em>Ε</em></span> <span class='ocrx_word' id='word_1_187' title='bbox 481 3633 566 3685; x_wconf 74' lang='lat' dir='ltr'>orti.</span> <span class='ocrx_word' id='word_1_188' title='bbox 585 3648 610 3685; x_wconf 89' lang='grc' dir='ltr'>ιι.</span> <span class='ocrx_word' id='word_1_189' title='bbox 628 3633 792 3685; x_wconf 80' lang='lat' dir='ltr'>instabilior.</span> <span class='ocrx_word' id='word_1_190' title='bbox 809 3631 962 3701; x_wconf 86' lang='lat' dir='ltr'>artophylax</span> <span class='ocrx_word' id='word_1_191' title='bbox 975 3634 1000 3684; x_wconf 87' lang='grc' dir='ltr'><em>Ε</em></span> <span class='ocrx_word' id='word_1_192' title='bbox 1051 3633 1101 3687; x_wconf 75' lang='grc'>888</span> <span class='ocrx_word' id='word_1_193' title='bbox 1118 3633 1163 3686; x_wconf 85' lang='lat' dir='ltr'>ha·</span> 
     </span>
     <span class='ocr_line' id='line_1_37' title="bbox 93 3700 1162 3768; baseline 0.003 -18"><span class='ocrx_word' id='word_1_194' title='bbox 93 3700 171 3751; x_wconf 83' lang='lat' dir='ltr'>beant</span> <span class='ocrx_word' id='word_1_195' title='bbox 185 3701 211 3751; x_wconf 87' lang='grc' dir='ltr'><em>Ε</em></span> <span class='ocrx_word' id='word_1_196' title='bbox 278 3703 328 3754; x_wconf 83' lang='grc'>890</span> <span class='ocrx_word' id='word_1_197' title='bbox 345 3700 430 3753; x_wconf 84' lang='lat' dir='ltr'>sede</span> <span class='ocrx_word' id='word_1_198' title='bbox 448 3715 469 3753; x_wconf 83' lang='lat' dir='ltr'>s.</span> <span class='ocrx_word' id='word_1_199' title='bbox 488 3701 538 3753; x_wconf 86' lang='lat' dir='ltr'>sit‘t</span> <span class='ocrx_word' id='word_1_200' title='bbox 555 3708 661 3767; x_wconf 66' lang='lat' dir='ltr'>pergam</span> <span class='ocrx_word' id='word_1_201' title='bbox 678 3702 730 3754; x_wconf 79' lang='lat' dir='ltr'>ei</span> <span class='ocrx_word' id='word_1_202' title='bbox 749 3706 846 3768; x_wconf 83' lang='lat' dir='ltr'>petrem</span> <span class='ocrx_word' id='word_1_203' title='bbox 874 3700 927 3753; x_wconf 81' lang='lat' dir='ltr'>ino.</span> <span class='ocrx_word' id='word_1_204' title='bbox 946 3712 1025 3754; x_wconf 84' lang='lat' dir='ltr'>soor:</span> <span class='ocrx_word' id='word_1_205' title='bbox 1044 3714 1119 3768; x_wconf 89' lang='lat' dir='ltr'>neq.</span> <span class='ocrx_word' id='word_1_206' title='bbox 1138 3717 1162 3753; x_wconf 91' lang='lat' dir='ltr'>o.</span> 
     </span>
     <span class='ocr_line' id='line_1_38' title="bbox 92 3767 1163 3888; baseline 0.002 -69"><span class='ocrx_word' id='word_1_207' title='bbox 92 3783 118 3834; x_wconf 86' lang='lat' dir='ltr'>p</span> <span class='ocrx_word' id='word_1_208' title='bbox 137 3769 262 3835; x_wconf 66' lang='lat' dir='ltr'>rodope</span> <span class='ocrx_word' id='word_1_209' title='bbox 231 3777 365 3888; x_wconf 50' lang='lat' dir='ltr'>pergem</span> <span class='ocrx_word' id='word_1_210' title='bbox 344 3778 486 3821; x_wconf 25' lang='lat' dir='ltr'>fanornm</span> <span class='ocrx_word' id='word_1_211' title='bbox 495 3767 567 3830; x_wconf 75' lang='lat' dir='ltr'>ferre·</span> <span class='ocrx_word' id='word_1_212' title='bbox 580 3783 635 3820; x_wconf 79' lang='lat' dir='ltr'>non</span> <span class='ocrx_word' id='word_1_213' title='bbox 649 3783 728 3834; x_wconf 76' lang='lat' dir='ltr'>posse</span> <span class='ocrx_word' id='word_1_214' title='bbox 745 3771 841 3821; x_wconf 60' lang='lat' dir='ltr'>droun</span> <span class='ocrx_word' id='word_1_215' title='bbox 870 3770 1163 3822; x_wconf 60' lang='lat' dir='ltr'>condemnandae</span> 
     </span>
     <span class='ocr_line' id='line_1_39' title="bbox 93 3834 1165 3904; baseline 0.002 -17"><span class='ocrx_word' id='word_1_216' title='bbox 93 3839 175 3887; x_wconf 76' lang='lat' dir='ltr'>eueni</span> <span class='ocrx_word' id='word_1_217' title='bbox 196 3848 270 3887; x_wconf 81' lang='lat' dir='ltr'>anno</span> <span class='ocrx_word' id='word_1_218' title='bbox 305 3840 421 3904; x_wconf 71' lang='lat' dir='ltr'>xotnp</span> <span class='ocrx_word' id='word_1_219' title='bbox 421 3837 504 3889; x_wconf 85' lang='grc'>,875</span> <span class='ocrx_word' id='word_1_220' title='bbox 545 3841 593 3902; x_wconf 78' lang='lat' dir='ltr'>qui</span> <span class='ocrx_word' id='word_1_221' title='bbox 614 3837 756 3888; x_wconf 76' lang='lat' dir='ltr'>admonuit</span> <span class='ocrx_word' id='word_1_222' title='bbox 777 3841 857 3889; x_wconf 74' lang='lat' dir='ltr'>etiam</span> <span class='ocrx_word' id='word_1_223' title='bbox 876 3853 968 3889; x_wconf 71' lang='lat' dir='ltr'>nerem</span> <span class='ocrx_word' id='word_1_224' title='bbox 984 3836 1043 3891; x_wconf 84' lang='lat'><strong><em>979.</em></strong></span> <span class='ocrx_word' id='word_1_225' title='bbox 1079 3834 1165 3889; x_wconf 78' lang='lat' dir='ltr'>delevi</span> 
     </span>
     <span class='ocr_line' id='line_1_40' title="bbox 93 3905 1162 3973; baseline 0.005 -17"><span class='ocrx_word' id='word_1_226' title='bbox 93 3905 139 3956; x_wconf 81' lang='grc'>891</span> <span class='ocrx_word' id='word_1_227' title='bbox 161 3905 217 3971; x_wconf 87' lang='lat' dir='ltr'>quit</span> <span class='ocrx_word' id='word_1_228' title='bbox 233 3906 259 3956; x_wconf 92' lang='grc' dir='ltr'><em>Ε</em></span> <span class='ocrx_word' id='word_1_229' title='bbox 327 3907 377 3958; x_wconf 85' lang='grc'>892</span> <span class='ocrx_word' id='word_1_230' title='bbox 393 3909 471 3956; x_wconf 83' lang='lat' dir='ltr'>vocat</span> <span class='ocrx_word' id='word_1_231' title='bbox 487 3906 513 3956; x_wconf 86' lang='grc' dir='ltr'><em>Α</em></span> <span class='ocrx_word' id='word_1_232' title='bbox 580 3907 630 3958; x_wconf 88' lang='grc'>893</span> <span class='ocrx_word' id='word_1_233' title='bbox 649 3906 766 3971; x_wconf 84' lang='lat' dir='ltr'>quidaem</span> <span class='ocrx_word' id='word_1_234' title='bbox 789 3922 823 3957; x_wconf 78' lang='lat' dir='ltr'>ee</span> <span class='ocrx_word' id='word_1_235' title='bbox 840 3905 943 3973; x_wconf 89' lang='lat' dir='ltr'>qnidam</span> <span class='ocrx_word' id='word_1_236' title='bbox 959 3910 1092 3959; x_wconf 75' lang='lat' dir='ltr'>incertum</span> <span class='ocrx_word' id='word_1_237' title='bbox 1109 3923 1162 3973; x_wconf 81' lang='lat' dir='ltr'>quo</span> 
     </span>
     <span class='ocr_line' id='line_1_41' title="bbox 92 3920 718 4036; baseline 0.005 -14"><span class='ocrx_word' id='word_1_238' title='bbox 92 3987 174 4024; x_wconf 78' lang='lat' dir='ltr'>monae</span> <span class='ocrx_word' id='word_1_239' title='bbox 161 3920 216 4024; x_wconf 74' lang='lat' dir='ltr'><em>an</em></span> <span class='ocrx_word' id='word_1_240' title='bbox 274 3975 323 4026; x_wconf 79' lang='grc'>894</span> <span class='ocrx_word' id='word_1_241' title='bbox 341 3977 379 4036; x_wconf 90' lang='lat' dir='ltr'>nt]</span> <span class='ocrx_word' id='word_1_242' title='bbox 395 3979 422 4026; x_wconf 90' lang='lat' dir='ltr'>et</span> <span class='ocrx_word' id='word_1_243' title='bbox 437 3974 463 4025; x_wconf 91' lang='grc' dir='ltr'><em>Ε</em></span> <span class='ocrx_word' id='word_1_244' title='bbox 526 3976 577 4026; x_wconf 87' lang='grc'>999</span> <span class='ocrx_word' id='word_1_245' title='bbox 594 3973 675 4025; x_wconf 74' lang='lat' dir='ltr'>bando</span> <span class='ocrx_word' id='word_1_246' title='bbox 692 3974 718 4025; x_wconf 88' lang='grc' dir='ltr'><em>Ε</em></span> 
     </span>
    </p>
   </div>
   <div class='ocr_carea' id='block_1_7' title="bbox 0 0 1339 4488">
    <p class='ocr_par' dir='ltr' id='par_1_19' title="bbox 0 0 1339 4488">
     <span class='ocr_line' id='line_1_42' title="bbox 0 0 1339 4488; baseline 0 0"><span class='ocrx_word' id='word_1_247' title='bbox 0 0 1339 4488; x_wconf 95' lang='lat' dir='ltr'> </span> 
     </span>
    </p>
   </div>
  </div>
 </body>
</html>
