2720 4488
172 246 232 308 182
553 263 580 304 n.
604 262 709 304 arnam
730 263 857 305 senecae

139 492 142 497 Ι
212 432 267 476 nec
289 413 340 474 tihi
364 412 450 490 longa
474 408 593 473 manent
615 414 772 474 sceleratae
794 415 897 493 gaudia
921 415 1034 478 caedis:

213 508 309 561 tecum
333 497 408 558 bella
431 516 516 577 geres
540 498 614 558 natis
637 516 756 577 quoquc
779 498 855 561 bella
879 500 1061 581 relinquens,

212 584 309 664 turpis
331 592 479 644 maternos
502 584 606 644 iterum
631 584 781 645 revolutus
804 585 834 646 in
858 593 951 647 ortus.

169 756 237 798 oen.
283 736 366 808 Quod
390 736 485 796 lacere
507 737 622 797 monitu
646 734 780 797 caelitum
805 736 903 797 iussus
926 755 1008 817 paro,

168 822 262 883 luncti
287 821 438 882 cineribus
460 821 537 900 regis
559 818 617 881 boc
639 820 736 881 decuit
758 820 830 891 dari,

169 926 207 968 ne
231 916 331 968 sancta
354 906 509 985 quisquam
533 914 648 985 sceptra
670 906 792 967 violaret
814 906 891 967 dolo.

168 992 231 1070 regi
255 991 364 1053 tuenda
386 991 511 1051 maxime
535 1008 637 1070 regum
661 999 705 1052 est
727 991 822 1052 salus:

106 1084 253 1221 eppa
274 1077 999 1223 llsshll'hllllllllllllltlltll·

170 1264 235 1306 oen.
280 1246 365 1306 Pium
389 1179 540 1325 plrbhibulit
562 1245 640 1306 ullus
663 1247 793 1307 officium
816 1244 935 1307 metus?

170 1349 214 1393 ea.
282 1330 397 1411 Sphinx
420 1338 449 1391 et
472 1331 589 1392 nefandi
613 1331 752 1393 carminis
774 1333 873 1392 tristes
895 1330 1002 1393 minae.

169 1435 236 1476 ono.
281 1416 367 1477 Nunc
390 1417 525 1495 expietur
547 1418 702 1478 numinum
726 1417 850 1496 imperio
874 1416 981 1479 scelus.

255 1501 396 1581 Quisquis
419 1502 542 1562 deorum
564 1520 654 1580 regna
678 1503 809 1580 placatus
832 1501 926 1562 rides:
1068 1496 1071 1509 '

169 1595 212 1661 tu,
234 1596 266 1648 tu
290 1604 382 1666 penes
405 1604 493 1664 quem
517 1589 580 1647 iura
604 1587 774 1667 praecipitis
797 1586 857 1666 poli

169 1680 272 1750 tuque,
296 1690 313 1731 o
335 1673 432 1732 sereni
455 1672 612 1734 maximum
636 1673 738 1734 mundi
762 1672 862 1745 decus,

168 1756 215 1818 bis
238 1752 307 1837 sella
331 1773 420 1817 cursu
445 1757 527 1835 signa
550 1759 600 1836 qui
623 1757 702 1818 vario
725 1757 813 1835 regis,
858 1780 861 1783 ·

169 1844 220 1920 qui
243 1842 323 1903 tarda
348 1841 435 1902 celeri
458 1843 572 1903 saecula
597 1842 704 1903 evolvis
727 1855 799 1915 rota,

169 1945 316 2007 sororque
339 1926 419 1990 lratri
444 1945 562 2006 semper
584 1945 745 1989 occurrens
771 1937 834 2001 tuo,

170 2013 322 2092 noctivaga
343 2013 472 2087 Phoebe,
496 2014 606 2093 quique
628 2021 782 2074 ventorum
806 2021 913 2090 potens

168 2116 281 2177 aequor
301 2117 357 2178 per
378 2099 467 2159 altum
491 2093 626 2160 caerulos
647 2115 753 2159 currus
775 2097 847 2175 agis,
875 2168 879 2179 ι

170 2191 199 2244 et
222 2184 271 2263 qui
296 2193 429 2245 carentes
452 2182 518 2244 luce
541 2183 679 2271 disponis
695 2183 808 2255 domos,
838 2186 945 2241 rubras

170 2268 283 2329 adeste:
308 2270 393 2330 cuius
415 2269 503 2329 Laius
526 2269 624 2328 dextra
648 2268 764 2337 occidit,

170 2354 251 2414 hunc
274 2373 334 2415 non
357 2353 455 2432 quieta
477 2362 567 2425 tecta,
591 2372 652 2414 non
674 2353 723 2412 fidi
746 2352 832 2422 lares

171 2457 231 2499 non
254 2438 406 2518 hospitalis
429 2438 542 2501 exulem
566 2437 653 2499 tellus
674 2438 765 2510 lerat;

170 2523 304 2585 thalamis
326 2524 473 2603 pudendis
496 2522 591 2583 doleat
614 2533 643 2584 et
665 2523 749 2601 prole
771 2521 877 2601 impia;

169 2608 219 2668 hic
242 2619 270 2669 et
293 2615 444 2689 parentem
468 2609 585 2670 dextera
608 2609 733 2688 perimat
754 2626 816 2680 sua,
893 2618 897 2627 '

169 2693 315 2773 iaciatque
337 2696 420 2770 (num
444 2694 514 2772 quid
538 2694 655 2773 gravius
678 2693 773 2773 optari
795 2689 928 2771 potest‘l)

170 2778 241 2856 qnid
265 2778 334 2858 quid
358 2796 412 2857 ego
434 2779 496 2857 lugi
520 2813 560 2823 —
605 2798 666 2840 non
690 2779 746 2841 erit
767 2779 868 2840 veniae
895 2777 994 2837 locus:
1053 2847 1055 2850 Α

170 2882 225 2942 per
248 2882 338 2943 regna
361 2864 427 2924 iuro
451 2882 585 2943 quaeque
608 2883 690 2925 nunc
711 2864 821 2942 hospes
843 2880 915 2940 gero

171 2959 199 3011 et
222 2969 297 3030 quae
319 2949 426 3029 reliqui
447 2968 561 3030 perque
584 2948 755 3029 penetrales
772 2949 853 3019 deos,

171 3054 225 3114 per
246 3045 285 3110 te,
308 3043 392 3114 pater
413 3034 561 3114 Neptune,
585 3035 634 3115 qui
658 3035 749 3096 lluctu
772 3032 853 3093 brevi

171 3120 321 3199 utrimque
344 3130 445 3182 nostro
469 3120 605 3199 geminus
624 3118 732 3181 'alludis
755 3118 835 3190 solo;
910 3190 913 3193 Ι

170 3213 201 3266 ct
224 3206 286 3286 ipse
310 3206 418 3266 nostris
440 3205 562 3269 lacibus
584 3205 667 3265 testis
688 3203 766 3277 reni,

171 3289 286 3352 fatidica
308 3291 382 3352 vatis
403 3308 455 3351 ora
478 3287 631 3351 Cirrhaeae
654 3307 792 3349 movens:

172 3375 209 3437 ita
233 3374 320 3436 molle
343 3375 458 3437 senium
482 3375 569 3436 ducat
591 3383 620 3435 et
642 3391 789 3434 summum
813 3371 887 3432 diem

171 3479 296 3523 securus
319 3461 376 3521 alto
399 3460 501 3521 reddat
523 3460 553 3519 iu
577 3458 652 3519 sulio
675 3476 784 3538 parens
811 3532 814 3535 ¹

170 3545 309 3624 solasque
332 3545 452 3625 Merope
474 3544 590 3606 noverit
611 3543 713 3623 Polybi
736 3528 825 3648 la&

54 3630 61 3637 ’
97 3632 111 3687 i
172 3630 308 3695 utnulla
331 3637 445 3692 sontem
469 3631 559 3708 gratia
583 3629 689 3708 eripiet
711 3628 792 3688 mihi.

128 3749 132 3758 ι
173 3750 377 3761 ---·-——-———-

257 3800 306 3850 237
325 3798 453 3864 relinques
469 3799 495 3847 A
547 3799 596 3851 238
615 3800 701 3862 turpes
718 3796 753 3846 Ε.
771 3822 804 3834 --
824 3795 910 3845 bertus
928 3794 953 3843 hl
1017 3794 1066 3844 243
1084 3789 1184 3857 quaerit
1196 3788 1244 3839 uA

170 3867 285 3929 queritur
296 3869 316 3930 ς
325 3865 495 3917 ,οοννοωίιάε
505 3865 687 3916 chmoene'tz
712 3866 772 3915 ,246
782 3862 869 3929 Spinx.
881 3861 1000 3913 etnef.·E
1017 3856 1243 3925 prohibentnel.A

172 3935 222 3981 242
233 3933 359 3998 expietur:
370 3933 378 3982 i
388 3949 423 3983 eac
432 3932 440 3982 l
450 3948 499 3998 par
513 3948 567 3982 rur.
576 3932 601 3982 Ε
635 3934 684 3984 256
695 3931 803 3982 carentis
812 3931 838 3980 Ε
872 3932 922 3982 258
932 3928 1005 3980 Nunc
1013 3929 1046 3979 Ε.
1058 3956 1092 3966 -
1101 3926 1244 3992 quietumA

172 3999 222 4048 266
240 4000 341 4064 erqoll
391 4002 441 4051 264
458 4003 551 4065 rego&
602 4001 652 4052 269
670 3998 829 4065 chyrrheeh'
880 4000 928 4049 att
949 4002 1021 4062 regat
1039 3993 1126 4061 (degat
1143 3994 1210 4057 §la
