2790 4494
165 183 206 244 46
547 204 575 245 ι.
599 205 704 247 sunsei
725 205 853 249 sennenn

161 351 321 427 Dardania3
350 353 489 433 praedam
511 353 591 415 mille
614 373 675 415 non
697 355 818 435 capiunt
839 365 926 420 rates.

247 436 352 499 Testor
372 438 495 500 deorum
518 457 630 502 numen
652 440 804 503 adversum
827 444 908 519 mihi,

161 522 333 602 patriaeque
355 524 471 585 cineres
492 533 583 603 teque
608 534 754 586 rectorem
776 526 927 608 Phrygum

161 625 250 685 quem
273 606 360 670 Troia
382 617 445 670 tntu
468 609 618 672 conditum
642 627 735 689 regno
758 612 839 690 tegit,

160 699 287 772 tuosque
309 711 410 755 manes
433 712 493 774 que
516 695 597 757 stetit
618 701 714 757 stante
736 696 833 773 Ilium,

160 785 192 839 et
211 796 263 839 ros
285 796 419 840 meorum
441 778 568 841 liberum
590 780 689 860 magni
711 798 826 861 greges,

159 862 281 925 umbrae
302 863 448 927 minores:
472 864 617 945 quidquid
639 865 751 926 adversi
773 867 889 942 accidit,

160 966 366 1028 quaecumque
386 949 521 1012 Phoebas
544 968 595 1012 ore
617 949 766 1029 lymphata
788 951 893 1014 furens

159 1033 238 1094 credi
262 1033 316 1096 deo
339 1043 454 1097 vetante
476 1034 619 1114 praedixit
639 1034 724 1108 mala,

158 1118 242 1198 prior
263 1118 385 1180 Hecuba
406 1118 464 1180 vidi
487 1118 604 1198 gravida
626 1138 682 1180 nec
703 1120 782 1182 tacui
804 1131 901 1184 metus

158 1214 189 1267 et
210 1222 283 1266 vana
302 1215 382 1267 vates
403 1213 474 1266 ante
493 1204 686 1267 Cassandram
709 1205 761 1266 fui.

158 1309 220 1352 nnn
243 1298 347 1351 cautus
370 1289 454 1368 ignes
476 1289 596 1352 Ithacus
616 1299 667 1351 aut
687 1289 780 1352 Ithaci
804 1310 904 1354 comes

158 1383 324 1438 nocturnus
346 1375 377 1436 in
398 1393 451 1436 ves
472 1374 582 1455 sparsit
603 1384 653 1436 aut
674 1374 760 1436 fallax
783 1375 894 1439 Sinon:

156 1480 241 1523 meus
264 1459 342 1539 ignis
363 1459 419 1521 iste
441 1467 494 1533 est,
518 1458 631 1522 facibus
653 1460 762 1522 ardetis
781 1462 868 1523 meis.

157 1547 209 1609 sed
232 1546 304 1627 quid
326 1543 428 1607 ruinas
450 1545 533 1607 urbis
556 1563 673 1607 aversae
695 1545 798 1625 gemis,

155 1632 237 1693 vivax
259 1626 422 1693 senectus?
443 1629 560 1711 respice
582 1629 685 1692 infelix
707 1631 744 1691 ad
766 1632 821 1692 hos

156 1716 254 1779 luctus
277 1723 427 1778 recentes:
451 1714 540 1778 Troia
561 1714 618 1777 iam
638 1723 723 1776 vetus
745 1724 792 1777 est
811 1717 931 1779 malum.

155 1801 213 1863 vidi
236 1801 432 1864 execrandum
454 1801 551 1878 regiae
574 1800 671 1862 caedis
693 1801 777 1862 nefas

155 1888 295 1968 ipsasque
317 1886 352 1948 ad
374 1903 439 1947 aras
459 1885 555 1947 maius
576 1885 737 1947 admissum
759 1887 857 1948 scelus

154 1973 174 2037 †
193 1972 296 2035 Aeaeis
318 1971 423 2047 armis,
445 1988 514 2032 cum
536 1971 636 2045 ferox,
659 1989 760 2037 scaeva
781 1991 871 2034 manu

155 2076 239 2119 coma
261 2058 417 2119 reflectens
438 2056 553 2135 regium
576 2063 652 2117 terta
679 2065 777 2136 caput,

155 2143 213 2205 alto
236 2141 397 2204 nefandum
418 2140 534 2203 vulneri
556 2141 668 2203 ferrum
693 2140 818 2216 abdidit;

155 2228 235 2307 qued
257 2227 377 2308 penitus
398 2235 497 2288 actum
519 2245 587 2288 curn
607 2227 771 2306 recepisset
791 2226 897 2301 iibens,

155 2313 235 2374 ensis
257 2313 344 2374 senili
366 2311 463 2375 siccus
486 2331 502 2375 e
523 2312 627 2392 iuguic
647 2310 734 2372 redit.

153 2398 270 2477 placare
292 2415 380 2476 quem
403 2415 464 2459 nen
487 2397 585 2477 potuit
607 2415 623 2458 a
645 2396 733 2456 caede
754 2395 846 2457 edera

152 2482 286 2544 mortalis
308 2482 369 2544 aevi
392 2481 541 2544 cardinem
564 2489 727 2543 extremum
750 2496 889 2561 premens

153 2567 315 2649 superique
336 2576 425 2629 testes
447 2565 568 2629 sceleris
590 2576 619 2628 et
638 2565 787 2645 quoddam
810 2584 926 2629 sacrum

152 2653 238 2734 regni
260 2649 405 2715 iacentis?
428 2650 476 2712 ilie
498 2660 543 2712 tot
565 2668 670 2730 regum
692 2669 801 2731 parens

153 2749 233 2801 caret
254 2738 392 2818 sepulcro
414 2736 549 2798 Priamus
571 2745 600 2798 et
620 2738 736 2800 damma
758 2736 871 2816 indiget

152 2825 273 2887 ardente
295 2823 392 2885 Troia.
438 2830 618 2884 nontamen
641 2823 759 2903 superis
781 2830 827 2884 sat
848 2828 907 2883 est:

152 2908 305 2972 dominum
328 2927 398 2971 eece
419 2907 527 2970 Priami
550 2907 676 2970 nuribus
698 2915 727 2969 et
749 2906 825 2969 natis
847 2907 950 2986 legens

152 2995 276 3056 sortitur
297 3013 372 3056 urna
395 2994 563 3075 praedaque
586 3012 624 3057 en
646 2993 711 3055 vilis
733 3010 849 3073 sepiar.

150 3080 201 3141 hic
222 3079 359 3141 Hectoris
381 3078 519 3158 coniugia
540 3077 705 3157 despondet
727 3076 793 3153 sibi,

150 3165 199 3226 hic
221 3171 304 3244 optat
325 3163 430 3226 Heleni
452 3163 627 3242 coniugem,
649 3163 699 3224 hic
721 3161 898 3236 Antenoris3

151 3269 207 3313 nec
229 3250 294 3311 dest
314 3260 398 3325 tuos,
422 3247 599 3323 Cassandra,
623 3246 674 3326 qui
696 3246 840 3309 thalamos
862 3254 942 3326 petat
963 3279 1006 3291 -

150 3353 214 3397 mea
237 3353 303 3397 sors
324 3334 460 3409 timetur,
482 3331 545 3394 sola
566 3351 632 3393 sum
653 3332 761 3394 Danais
783 3340 890 3397 matus.

235 3419 376 3482 Lamenta
398 3415 536 3481 cessant?
558 3417 644 3479 turba
666 3417 796 3498 captivae
818 3435 893 3490 mea,

235 3606 268 3657 29
285 3604 422 3673 phyrigum
440 3602 465 3653 Ε
542 3605 574 3656 31
600 3600 721 3670 quodque
738 3602 810 3654 stetit
828 3605 886 3652 ante
903 3598 977 3652 ilium
994 3597 1078 3666 (ilion)
1095 3599 1122 3650 A
1189 3601 1222 3653 46

147 3670 275 3726 Aeacidae
299 3672 325 3722 A
364 3671 448 3723 Aiacis
468 3669 618 3722 &cnevius
655 3669 784 3722 Aeacidae
806 3671 837 3721 ab
860 3669 938 3721 armis
959 3667 994 3722 N.
1013 3668 1138 3719 Haterius
1162 3668 1222 3720 adv.

146 3742 243 3808 p.151‚
270 3742 387 3792 erntaee‘:
403 3740 524 3808 ipsusque
541 3739 574 3790 ad
591 3753 648 3791 aras
664 3736 929 3802 (maiusadmissumst
941 3735 1003 3802 fide)
1013 3734 1131 3788 Aeacidis
1144 3750 1222 3800 arma,

148 3807 571 3942 attrectarunt
590 3805 842 3943 rantra
860 3806 900 3928 a·
916 3805 1010 3942 rur

149 3945 182 3994 63
200 3947 336 4007 cessent&
1216 3974 1218 3977 -
