2790 4494
652 255 781 299 rnotnns

178 421 389 484 summumque
410 404 517 467 Troiae
538 406 639 481 funus,
662 425 679 467 o
702 407 835 469 Danaum
857 408 954 485 timor,

179 489 338 568 genetricis
361 508 378 550 o
402 508 470 570 spes
492 509 574 567 vana,
598 493 647 554 cui
669 492 790 554 demens
812 510 866 572 ego

178 575 281 636 laudes
303 575 435 656 parentis
456 575 587 651 bellicas,
609 594 705 638 annos
727 578 770 639 avi

178 660 195 722 †
217 660 330 721 medios
351 658 504 741 precabar,
526 670 591 724 vota
613 661 746 723 destituit
767 663 848 725 deus.

113 772 116 779 ·
177 745 265 807 Iliaca
288 764 349 807 non
372 753 404 805 tu
427 753 543 827 sceptra
566 747 657 825 regali
680 756 787 827 potens

178 829 307 911 gestabis
329 830 404 906 aula,
427 830 492 892 iura
515 850 571 893 nec
592 831 712 912 populis
733 832 817 893 dabis

177 916 327 995 victasque
350 923 453 996 gentes
476 915 531 978 sub
554 924 639 978 tuum
661 917 760 978 mittes
781 917 893 996 iugum,

178 1019 240 1063 non
263 1001 349 1063 Graia
371 1001 475 1062 caedes
496 1009 588 1080 terga,
610 1021 672 1063 non
695 1002 842 1082 Pyrrhum
863 1003 978 1078 trahes3

177 1105 240 1148 non
262 1104 342 1147 arma
364 1093 465 1147 tenera
488 1104 575 1166 parra
596 1086 845 1149 tractabis-manu

178 1188 355 1252 sparsasque
377 1170 487 1250 passim
508 1170 631 1234 saltibus
653 1172 719 1233 latis
741 1172 817 1234 leras

177 1257 272 1318 audax
294 1256 429 1336 sequeris
451 1274 508 1318 nec
528 1264 604 1318 stato
626 1257 711 1319 lustri
735 1257 791 1334 die,

177 1341 310 1403 solemne
331 1342 465 1402 referens
486 1341 585 1403 Troici
606 1341 690 1403 lusus
716 1360 841 1418 sacrum,

177 1444 254 1508 puer
276 1426 378 1488 citatas
401 1425 509 1487 nobilis
531 1435 644 1488 turmas
666 1445 752 1506 ages3

177 1530 240 1572 uon
262 1510 340 1572 inter
361 1529 426 1572 aras
448 1511 550 1573 mobili
571 1511 656 1573 velox
677 1512 763 1593 pede,

177 1595 416 1658 reboante-dexo
439 1596 571 1658 concitos
594 1615 689 1658 eornu
711 1596 824 1671 modos,

176 1681 328 1744 barbarica
350 1682 449 1762 prisco
472 1682 581 1760 templa
603 1681 709 1744 saltatu
732 1681 821 1742 coles.

178 1785 195 1827 o
218 1765 311 1828 Marte
333 1767 398 1827 diro
420 1767 534 1828 tristius
556 1767 607 1828 leti
629 1766 741 1847 genusl

177 1850 305 1912 flebilius
327 1851 438 1932 aliquid
459 1850 595 1913 Hectoris
618 1851 716 1931 magni
738 1868 811 1912 nece

176 1936 255 1998 muri
276 1935 434 2011 ridebunt.v
488 1955 563 1997 mu.
607 1937 724 2017 Rumpe
746 1935 803 1996 iam
825 1935 922 2011 ssetuS,
944 1953 1068 2016 parens:

178 2040 303 2100 magnus
325 2022 382 2083 sibi
404 2021 468 2103 ipse
490 2040 552 2083 non
575 2021 644 2083 facit
665 2023 755 2083 finem
778 2020 870 2081 dolor.

177 2125 263 2168 annu.
306 2105 459 2182 Lacrimis,
481 2105 573 2182 Vlixe,
596 2125 684 2189 parva
707 2124 795 2186 qnam
817 2105 945 2187 petimus
966 2123 1049 2166 mora
1071 2113 1144 2181 est;¹

178 2192 310 2253 concede
331 2210 449 2272 paucas,
472 2199 506 2252 ut
527 2210 592 2253 mea
614 2192 738 2254 condam
759 2210 850 2252 manu

176 2276 300 2338 viventis
322 2278 434 2338 oculos.
480 2277 590 2338 occidis
612 2296 719 2357 parvus
741 2277 871 2356 quidem,

177 2362 229 2423 sed
251 2363 308 2422 iam
330 2362 488 2423 timendus.
532 2362 621 2424 Troia
643 2370 672 2424 te
695 2369 828 2442 expectat
849 2371 914 2422 tua:
1204 2368 1250 2420 790

177 2446 197 2523 i,
219 2447 291 2507 vade
312 2445 398 2522 liber,
421 2446 532 2508 liberos
553 2447 646 2509 Troas
668 2448 743 2510 vide.

176 2550 294 2592 asrran.
338 2531 488 2606 Miserere,
510 2542 612 2595 mater.
678 2551 763 2594 nunu.
808 2531 885 2603 Quid
907 2548 988 2591 meos
1010 2529 1121 2591 retines
1143 2528 1227 2589 sinus

176 2635 342 2696 manusque
363 2617 465 2678 matris
487 2636 568 2679 cassa
590 2617 735 2699 praesidia
757 2614 908 2697 occupas?

176 2702 297 2763 fremitu
318 2701 414 2763 leonis
437 2702 532 2782 qualis
554 2703 653 2764 audito
675 2712 760 2764 tener

176 2786 312 2849 timidum
335 2788 477 2848 iuvencus
498 2787 627 2867 applicat
647 2786 735 2858 matri
759 2787 847 2861 latus,
1204 2791 1248 2842 795

177 2871 279 2934 atille
302 2890 406 2932 saevus
428 2880 520 2933 matre
543 2880 687 2933 summota
709 2872 756 2932 leo

177 2957 315 3036 praedam
337 2957 484 3018 minorem
506 2956 656 3018 morsibus
677 2955 764 3017 vastis
786 2963 892 3015 tenens

177 3041 289 3120 trangit
308 3042 462 3122 vehitque:
492 3041 557 3103 talis
579 3061 596 3104 e
618 3050 720 3104 nostro
742 3041 811 3102 sinu

177 3134 207 3189 te
229 3126 323 3207 rapiet
344 3127 448 3187 bostis.
492 3127 593 3188 oscula
616 3134 645 3188 et
666 3127 763 3202 fletus,
785 3141 870 3205 puer,

177 3212 349 3292 lacerosque
372 3212 470 3272 crines
492 3211 594 3292 excipe
617 3221 646 3274 et
667 3212 774 3291 plenus
798 3207 857 3270 mei

177 3315 302 3359 occurre
323 3297 416 3377 patri;
447 3314 541 3378 pauca
562 3304 712 3358 maternae
734 3304 832 3357 tamen

110 3433 115 3440 .
177 3383 277 3462 perier
298 3381 435 3461 querelae
456 3381 558 3448 verba:
582 3381 617 3443 ‘si
640 3399 742 3443 manes
764 3379 874 3441 habent

178 3485 264 3529 curas
286 3467 402 3548 priores
425 3484 481 3529 nec
503 3466 579 3547 perit
600 3467 725 3528 flammis
749 3483 841 3539 amor,

262 3653 312 3704 769
335 3664 416 3703 annos
439 3653 517 3718 atque
534 3650 559 3701 E
645 3649 694 3701 aab
718 3649 821 3699 conieci
840 3644 918 3698 toties
941 3658 1008 3712 proc.
1095 3645 1143 3697 778
1164 3641 1250 3695 Troici

176 3718 249 3771 lustri
272 3734 293 3771 s.
312 3719 337 3770 A
423 3721 470 3771 781
496 3721 632 3773 revocante
657 3716 734 3767 codd.
752 3716 874 3767 correeit
895 3712 1106 3764 Hematerbcuiue
1130 3711 1167 3762 ad
1183 3711 1248 3762 Luc.

177 3788 242 3840 dial.
253 3788 324 3839 deor.
335 3787 369 3840 12
422 3788 471 3840 782
488 3787 594 3839 barbara
604 3786 629 3838 Ε
678 3786 728 3837 783
746 3787 827 3836 morte
840 3781 893 3834 dira
906 3780 982 3833 codd.
991 3781 1112 3831 correcti
1121 3780 1248 3846 Peiperua

176 3858 227 3910 786
244 3855 295 3922 ipsi
311 3858 337 3906 A
406 3858 455 3908 *188
474 3855 600 3919 concede,
623 3868 715 3920 parvos
733 3853 757 3902 A
827 3848 1053 3906 '189viventesld
1122 3850 1168 3901 791
1188 3854 1250 3914 poet

174 3924 186 3976 l
205 3941 273 3976 erac.
291 3939 305 3975 e
323 3924 365 3974 vel
381 3923 390 3974 i
408 3923 558 3976 inb-vade
575 3937 639 3991 puer
655 3921 672 3974 l.
686 3920 775 3972 Troias
792 3936 817 3972 v.
830 3920 854 3969 Ε
923 3920 971 3971 tet
991 3917 1070 3969 vastis
1088 3930 1206 3985 premens
1224 3917 1249 3968 A

176 3995 227 4046 799
244 3996 271 4044 te
288 3991 369 4059 pariet
387 3992 411 4042 Ε

1013 4085 1046 4140 5*
