2648 4478
507 193 545 236 ns
567 124 888 327 mima
876 86 1046 335 mg)
1094 178 1135 240 45

157 343 191 404 ita
211 344 245 405 ad
268 343 465 406 Octaviam
487 344 566 405 ultro
589 343 675 405 delati
698 362 811 406 sumus.
829 338 897 405 e'*t''
907 362 977 406 sane
999 344 1136 425 iniquum

17 446 19 473 ι
82 428 161 504 ιιιιι,
186 430 211 489 si
239 447 277 490 ne
305 428 425 491 dimissa
452 428 571 507 quidem
598 429 728 509 genuina
749 428 833 509 prole
855 429 963 491 notbae
985 430 1137 510 paulisper

17 554 19 583 ,
81 531 242 575 vacaremus.
287 521 376 594 atque
398 531 466 575 cum
488 532 549 575 uno
572 513 608 575 de
630 515 712 575 fonte
733 515 916 576 manaverint
937 513 1006 575 libri
1029 513 1137 594 quibus

17 596 19 723 Ξ
80 598 178 659 utimur
203 617 322 675 omnes,
352 606 385 659 ut
413 598 438 659 si
461 598 512 678 qui
533 607 651 679 praeter
671 599 854 678 corruptelas
876 600 1003 679 tempori
1026 599 1137 661 adscri-

80 682 176 744 bendas
198 684 320 763 propria
334 683 426 745 multa
442 702 512 762 prae
527 703 560 745 se
576 684 681 757 lerant,
700 702 733 745 ea
749 683 985 763 interpolationis
999 691 1137 765 suspecta

17 720 19 871 Ξ
79 767 138 842 sint,
151 775 246 830 tamen
262 778 376 831 certum
392 768 481 830 babui
494 769 629 830 Octaviae
644 768 761 830 codices
776 787 838 829 non
853 769 924 830 satis
938 768 1048 831 multos
1064 788 1137 830 con·

17 852 138 913 terri
157 870 261 933 posse;
290 854 322 915 in
344 853 472 915 tabulam
495 854 634 915 nimirum
657 855 744 915 cuius
766 871 827 914 non
850 861 928 915 extat
949 853 1041 916 codex
1068 863 1137 916 ante

17 912 19 1041 Ξ
77 936 132 997 XN
158 938 309 1001 saeculum
338 939 468 1019 scriptus
492 938 588 1000 bonae
609 939 705 1017 [rugis
727 937 837 1018 aliquid
859 938 1067 1019 undecumque
1089 957 1137 1000 re·

17 1022 195 1085 dundare
217 1025 339 1103 poterit.
368 1024 467 1103 itaque
482 1020 555 1086 cum'
566 1027 690 1085 maxime
705 1024 735 1085 in
751 1022 833 1085 ltalia
847 1022 1031 1120 undeviginti
1045 1023 1138 1086 libros

17 1048 19 1221 Ξ
77 1115 145 1168 totos
165 1108 353 1206 contulerim,
376 1127 412 1170 ex
433 1108 498 1170 aliis
520 1126 595 1188 quae
617 1128 633 1169 e
655 1127 688 1169 re
709 1108 769 1169 visa
786 1110 846 1170 sint
859 1108 1068 1189 excerpserim‚
1091 1109 1137 1170 in-

78 1200 182 1270 gentem
195 1195 342 1256 variarum
357 1194 518 1256 lectionum
535 1195 649 1274 copiam
665 1193 818 1291 congessi3
841 1212 930 1272 quam
945 1203 1060 1256 tautum
1076 1212 1138 1257 uon

78 1295 183 1339 omnem
209 1280 241 1339 in
271 1278 390 1340 scriniis
417 1280 493 1340 meis
520 1278 700 1359 sepultum
692 1279 729 1339 ιιι
751 1297 926 1357 persuasum
947 1279 1063 1341 babeas.
1109 1288 1138 1342 at

78 1370 146 1423 certe
167 1382 249 1426 nunc
271 1364 343 1442 quid
365 1364 528 1442 antiquitus
550 1363 689 1427 traditum
712 1363 783 1444 quid
804 1364 1015 1444 interpolatum
1037 1364 1076 1425 sit
1091 1364 1139 1426 rix

78 1465 190 1526 usquam
212 1450 323 1528 poterit
344 1448 466 1511 dubium
490 1467 564 1510 esse.
598 1448 716 1511 interim
732 1468 769 1511 ne
785 1449 888 1511 credas
902 1466 1027 1529 prorsus
1041 1448 1139 1512 inutili

79 1549 119 1592 me
136 1551 242 1629 operae
263 1541 309 1594 tot
323 1533 412 1595 boras
427 1534 647 1615 impendisses
638 1553 671 1594 ιιι
686 1552 748 1597 uno
763 1535 890 1595 alterove
905 1534 971 1594 loco
987 1535 1139 1595 ostendam

80 1618 198 1694 potuisse
219 1618 317 1680 adbuc
339 1618 376 1679 de
393 1627 588 1699 praetextatae
610 1619 689 1680 illius
704 1619 832 1680 lectione
847 1637 914 1679 nou
906 1618 1039 1698 aliquid
1054 1618 1139 1679 disci.

154 1703 187 1764 ad
203 1703 269 1765 Oct.
284 1723 311 1764 ι.
330 1706 390 1767 173
406 1702 439 1765 G.
455 1704 608 1766 Fabricius
622 1705 680 1764 boc
694 1698 886 1765 adnotavitx‘
894 1702 925 1763 in
940 1702 1016 1763 libro
1031 1702 1139 1783 Regio·

83 1788 199 1849 montani
222 1796 290 1867 post
311 1788 393 1850 hunc
414 1807 532 1851 versum
554 1790 626 1851 baeu
648 1789 734 1850 verba
750 1789 786 1850 ad
808 1787 969 1867 marginem
992 1788 1140 1869 adscripta

86 1880 168 1933 erant:
195 1872 239 1934 bec
261 1875 361 1936 desem
382 1878 503 1972 ιιιιιιιιι
525 1893 639 1947 emme,
668 1875 821 1937 secondom
842 1872 969 1955 aliquem·
997 1875 1047 1935 sed
1066 1872 1142 1935 aaliz

88 1956 161 2018 ιιιιιι
179 1953 278 2020 erede'.
314 1958 346 2020 in
369 1959 477 2020 ceteris
491 1959 574 2021 libris
589 1959 684 2021 adbuc
699 1959 778 2021 notis
793 1958 932 2020 omnibus
947 1960 1140 2038 conloquium

90 2039 142 2102 sine
159 2042 277 2104 lacunae
298 2044 421 2123 vestigio
444 2044 589 2105 decurrit.

210 2127 379 2189 Nutrix—
401 2129 581 2210 membraque
601 2127 789 2205 (Britannici)
778 2131 837 2203 let
858 2128 955 2191 voltus
977 2131 1026 2191 deo

17 2224 19 2295 ξ
139 2213 190 2277 173
210 2213 316 2276 similes
338 2213 449 2275 oolomi
468 2215 600 2293 funebris
621 2215 741 2292 flammo
766 2214 882 2275 obstulit

18 2322 19 2331 ι
213 2298 278 2359 Oct
300 2303 451 2378 ectiopcot
472 2311 498 2361 et
519 2318 573 2373 me,
594 2289 733 2367 temone
754 2290 1133 2361 castrametata

212 2383 247 2443 N.
298 2396 407 2446 aarum
427 2403 487 2446 ιιιιι
507 2389 583 2446 uires
605 2384 680 2446 dedit
701 2394 796 2445 tomos
817 2382 872 2445 ιιιι·
891 2403 917 2444 e.
933 2403 961 2463 q
978 2403 1002 2444 s.

94 2471 172 2528 tanen
199 2468 348 2529 codicibus
376 2487 439 2530 non
466 2469 569 2549 paucis
596 2469 725 2530 iacturae
753 2469 894 2530 memoria
915 2468 1002 2530 inest.
1046 2469 1141 2531 sicin

18 2542 19 2595 l
94 2551 406 2616 necromantica
434 2555 488 2615 inl.
518 2557 573 2627 (4⁰
594 2572 633 2614 m.
661 2554 753 2627 1380)
782 2561 851 2633 post
878 2573 903 2613 ι.
930 2555 989 2618 173
1018 2572 1142 2616 vacuum

93 2636 206 2698 relictum
228 2647 273 2699 est
294 2639 420 2718 spatium
443 2639 535 2699 XXXl
558 2657 695 2700 versuum
717 2652 747 2699 et
762 2639 885 2700 cursivis
898 2638 1006 2700 litteris
1020 2639 1142 2713 (scholia

94 2729 116 2778 et
133 2724 229 2785 variam
250 2724 409 2785 lectionem
432 2743 487 2803 per
508 2733 602 2785 totum
624 2724 733 2785 librum
756 2725 849 2802 prima
871 2741 978 2783 manus
997 2724 1143 2786 addidisse

93 2805 198 2884 ridetur>
218 2808 403 2870 adnotatum.
426 2809 472 2871 loo
494 2809 628 2889 deficiunt
643 2807 723 2868 XXX
739 2826 838 2869 veram
857 2808 1011 2869 ceolredum
1033 2808 1144 2889 aliquos

93 2893 183 2955 etideo
204 2898 348 2956 intermisi
367 2899 502 2974 spetiem.
532 2895 601 2956 item
624 2894 656 2955 in
678 2894 766 2954 laur.
783 2893 834 2966 37,
850 2892 991 2954 9vaouos
1006 2893 1143 2965 librarius

93 2972 167 3037 XXXl
193 2997 296 3040 versus
324 2978 460 3076 reliquit,
489 2979 540 3040 sed
567 2979 640 3040 nihil
663 2976 819 3039 adnotavit
864 2978 1019 3039 contram
1042 2977 1144 3039 codice

94 3058 118 3118 S
137 3061 229 3125 Crucis
252 3066 304 3125 24.
333 3066 390 3124 sin.
413 3068 433 3127 4
459 3073 573 3144 postu
600 3066 659 3128 178
683 3081 743 3125 non
768 3062 890 3142 expletis
912 3061 990 3123 XXX
1011 3063 1144 3126 versibus

95 3147 202 3209 mcunda
229 3167 337 3210 manus
365 3149 396 3210 in
425 3150 557 3227 margine
582 3148 754 3229 adscripsit:
783 3147 858 3209 nalal
878 3148 972 3229 deficit
991 3151 1145 3212 sanandam

95 3236 210 3311 sciptum
232 3231 372 3313 Neeleolog
394 3236 427 3296 de
447 3245 569 3313 tragoet.
612 3252 673 3313 quo
699 3232 868 3294 indicantur
889 3234 1092 3297 commentarii
1113 3236 1144 3297 in

95 3312 202 3379 Senecae
216 3319 381 3414 tragoedias
392 3319 504 3381 Nioolai
522 3319 621 3380 fratris
633 3318 793 3397 Anglioill,
808 3318 896 3379 modo
907 3319 1041 3391 Travetb‚
1057 3319 1144 3379 modo

94 3398 258 3464 Albavetb
250 3423 270 3464 ι.
295 3422 320 3464 ι.
350 3404 386 3464 ab
407 3404 532 3465 Travetb
561 3403 663 3483 (Neap.
688 3403 723 3465 N
752 3402 871 3479 1147),
901 3403 988 3464 modo
1011 3403 1146 3466 Travetta

95 3483 175 3556 (Goth.
196 3492 233 3552 51
259 3488 298 3549 ci.
318 3487 368 3550 RP
389 3491 481 3586 prael.
504 3507 534 3569 p.
550 3488 652 3550 XXXV
675 3489 765 3565 adn.‚)
787 3489 875 3549 modo
898 3488 1025 3550 Creueth
1041 3487 1145 3560 (Vatis.

97 3569 174 3648 1350)
195 3573 370 3652 nuncupati,
392 3575 443 3654 qui
466 3575 497 3635 in
520 3574 621 3636 multis
642 3574 725 3635 libris
743 3574 848 3636 servati
867 3580 938 3635 sunt
953 3581 982 3634 et
995 3574 1027 3636 in
1043 3574 1146 3635 verbo-

96 3652 192 3718 sissimo
214 3659 433 3739 paraphraseon
448 3658 559 3722 ambitu
574 3659 765 3721 memorabile
780 3658 854 3720 nibil
870 3659 1033 3720 continent.
1066 3659 1147 3722 illius

98 3739 160 3800 enim
186 3744 314 3804 codicem
344 3744 466 3806 lacunae
496 3763 555 3806 non
584 3745 688 3806 tulisse
714 3743 870 3823 vestigium
898 3744 990 3806 codex
1018 3743 1147 3825 Reginae

168 3924 186 3989 ³)
203 3926 234 3980 de
251 3943 303 3995 quo
322 3926 355 3980 el.
374 3926 490 3980 Bursiani
507 3928 587 3996 praet.
605 3928 631 3980 in
649 3926 771 3981 Senecam
789 3933 886 3996 patrem
904 3944 930 3996 p.
943 3927 1005 3982 Vlll.
