2776 4476
1071 222 1201 283 llllVllll

132 396 196 456 lero
215 394 313 455 locum
336 401 439 454 tenere
461 392 540 454 inter
561 393 588 453 Il
610 401 638 453 et
660 397 696 469 rt,
719 410 844 472 quarum
866 393 1074 453 recensionum
1097 401 1202 454 neutra

131 499 166 540 ex
188 479 254 558 ipso
278 478 378 539 codice
395 476 540 539 totusue
559 476 683 555 gemello
706 478 852 556 originem
875 476 965 551 duxit,
988 477 1013 537 si
1036 478 1201 540 accuratius

133 562 307 644 inspexeris,
329 561 481 625 uidebitur
503 562 595 623 multo
619 563 743 642 propius
766 562 800 624 ad
816 562 995 624 Eaccedere
1011 580 1099 640 quam
1115 562 1150 622 ad
1165 564 1200 623 A.

132 649 191 710 dut
220 648 317 709 omnia
347 647 453 710 fallunt
474 654 524 709 aut
547 647 573 708 ll
597 667 633 708 ex
663 648 766 709 eodem
797 648 955 726 archetypo
986 646 1135 708 deriuatus
1159 656 1203 709 est

133 753 168 795 ex
183 752 241 813 quo
258 733 292 809 Il,
316 750 383 794 cum
400 750 459 812 quo
482 732 584 799 codice
606 740 635 794 et
656 733 749 794 bonas
770 732 913 794 lectiones
936 732 1043 793 multas
1066 741 1094 794 et
1115 732 1203 794 salsas
1270 759 1274 767 ·

133 837 193 879 non
216 836 325 898 paucas
347 836 520 879 communes
541 818 629 879 habet
651 817 737 879 etiam
760 817 802 878 eis
831 816 918 889 locis,
948 816 999 879 ubi
1023 817 1157 879 recensio
1179 818 1203 879 d

133 903 169 964 ab
191 902 245 963 llll
265 904 421 982 discrepat.
466 902 550 974 Quod
574 912 672 965 autem
699 901 762 963 aliis
785 920 842 963 nec
864 903 966 981 paucis
988 901 1062 962 locis
1086 901 1112 962 ll
1135 921 1202 964 cum

132 988 156 1047 l
178 987 326 1049 consentit
348 987 535 1066 discrepante
556 987 632 1050 libro
654 988 688 1064 E,
712 987 740 1047 id
763 987 847 1048 lacile
868 986 933 1047 Tibi
958 987 1123 1055 concedent
1145 988 1203 1048 uiri

133 1073 211 1135 docti
227 1074 265 1134 ita
281 1072 485 1153 explicandum
502 1090 576 1148 esse,
595 1083 629 1135 ut
644 1082 805 1135 statuamus
820 1073 851 1132 in
867 1090 935 1133 eum
951 1071 1081 1133 codicem
1098 1074 1203 1152 deper-

133 1157 243 1233 ditum,
278 1177 312 1218 ex
342 1176 402 1237 quo
429 1157 455 1218 ll
482 1156 648 1238 descriptus
676 1165 737 1232 est,
771 1156 883 1236 aliquot
913 1157 1055 1219 lectiones
1082 1157 1203 1220 arbitrio

133 1243 310 1304 correctoris
331 1243 453 1304 selectas
477 1261 512 1303 ex
534 1243 708 1322 interpolata
731 1241 916 1315 recensione,
943 1260 1030 1321 quam
1053 1243 1109 1304 iam
1131 1252 1204 1304 tunc

131 1327 263 1389 extitisse
285 1338 518 1390 consentaneum
541 1335 595 1402 est,
617 1326 709 1388 illatas
731 1327 832 1388 luisse.
868 1326 969 1406 ltaque
992 1345 1058 1388 oum
1082 1347 1205 1389 amanu-

134 1413 223 1487 ensis,
246 1413 297 1491 qui
320 1411 427 1474 librum
451 1411 478 1472 lt
501 1413 648 1489 exorauit,
677 1414 708 1473 in
739 1412 803 1472 aliis
824 1411 941 1492 paginis
963 1413 1143 1487 accuratius,
1173 1414 1203 1475 in

133 1497 198 1558 aliis
227 1497 332 1573 (ueluti
363 1498 393 1559 in
421 1497 537 1577 paginis
567 1499 639 1560 449.
662 1499 735 1572 450)
764 1497 969 1575 neglegentius
997 1515 1121 1559 munere
1149 1516 1203 1559 suo

133 1583 254 1643 functus
269 1583 316 1659 sit,
339 1583 446 1644 mirum
464 1601 525 1643 non
542 1590 596 1658 est,
612 1581 692 1660 quod
707 1581 782 1642 liber
798 1579 834 1656 ll,
858 1582 909 1660 qui
924 1588 1070 1644 uetustate
1090 1590 1204 1643 ceteros

136 1667 252 1728 codices
274 1669 451 1730 Annaeanos
473 1667 562 1745 longe
584 1666 749 1747 praecedit,
780 1673 810 1727 et
831 1665 904 1727 locis
927 1666 1131 1746 compluribus
1153 1685 1204 1746 ge·

136 1752 257 1813 nuinam
281 1753 438 1822 lectionem
461 1753 543 1814 solus
566 1752 714 1828 seruauit,
738 1752 819 1811 etin
843 1769 951 1829 genere
973 1752 1203 1832 orthographico

134 1847 250 1899 ceteros
273 1847 401 1917 superat,
425 1846 454 1899 et
475 1837 547 1898 uitia
569 1838 732 1917 scripturae
748 1836 892 1897 nonnulla
906 1846 994 1915 atque
1010 1838 1081 1899 adco
1103 1837 1204 1899 falsam

134 1940 277 1983 uersuum
300 1922 522 1984 collocationem
545 1923 626 1984 solus
648 1921 774 1983 exhibet.
805 1920 862 1992 Qui
885 1922 909 1982 si
932 1921 1048 2001 integer
1069 1930 1205 1984 seruatus

135 2015 223 2083 esset,
247 2007 367 2069 dubium
392 2027 451 2069 non
476 2017 520 2069 est
543 2007 614 2087 quin
637 2026 698 2068 non
722 2007 825 2086 paucis
848 2006 982 2068 obscuris
997 2018 1084 2087 atque
1100 2008 1204 2088 depra-

134 2091 212 2153 uatis
234 2092 364 2154 Senecae
392 2093 465 2154 locis
494 2092 590 2153 lucem
621 2092 762 2154 allaturus
790 2091 888 2152 luerit.
934 2091 990 2153 Sed
1014 2094 1049 2154 de
1079 2092 1204 2173 siugulis

134 2176 271 2239 uersibus
301 2178 332 2239 in
361 2176 532 2257 fragmentis
554 2176 756 2238 Ambrosianis
786 2178 911 2239 seruatis
932 2177 978 2238 Tu
1008 2179 1072 2257 ipse
1094 2179 1205 2256 uideas,

137 2280 177 2323 ne
198 2262 291 2323 Tuam
312 2262 422 2325 laboris
444 2271 558 2343 partem
579 2263 750 2343 praeripere
773 2262 839 2323 Tibi
862 2262 972 2323 uidear.

198 2346 277 2423 Vale,
299 2347 350 2408 Vir
371 2348 556 2422 Rectissime,
579 2357 607 2409 et
629 2348 701 2409 mihi
724 2349 825 2409 lauere
847 2366 947 2427 perge.

241 2465 412 2528 Scribebam
435 2466 621 2545 Argentorati
643 2466 700 2527 lral.
723 2466 805 2528 Febr.
830 2485 855 2526 a.
882 2468 973 2530 1879.
