2658 4488
521 276 665 321 rnrns'rus

37 424 96 484 vix
120 433 257 506 tempera
279 425 388 499 animo,
411 427 457 488 vix
478 426 565 489 dulor
585 417 688 490 francs¹
708 431 794 512 capit.

40 509 104 581 sic,
129 527 199 570 cum
221 510 298 571 feras
320 511 494 590 vestigatat
515 515 606 591 lenge
628 530 717 594 sagax

39 593 117 654 lura
139 602 258 656 tenetur
279 595 388 657 Vmber
408 615 443 658 ac
465 616 568 678 presso
590 599 650 661 rias

42 687 202 741 scrutatur
224 698 286 754 ore,
308 682 379 742 dum
392 683 508 762 ‘pracial
528 684 611 744 lenta
632 702 715 745 suem

44 763 147 825 odore
168 765 269 837 sentit,
290 776 376 846 paret
398 776 427 828 et
449 767 536 829 tacito
559 768 663 830 lucum
747 774 751 778 '

42 856 152 910 rostro
175 859 324 931 pererrat3
347 851 455 931 praeda
476 870 545 914 cum
566 854 692 934 propior
713 854 779 927 luit,

45 933 169 995 cervice
189 943 250 996 tota
271 945 385 1016 pugnat
406 945 435 998 et
457 938 568 1016 gemitu
590 948 674 1000 vocat

44 1018 208 1081 domiuum
230 1030 394 1082 morantem
414 1041 506 1103 seque
527 1024 669 1084 retinenti
692 1023 794 1104 eripit:

45 1123 121 1165 cum
146 1117 244 1185 sperat
265 1106 308 1166 ira
328 1108 515 1185 sauguinem,
536 1108 629 1170 nescit
652 1108 754 1186 tegit

45 1200 153 1251 tamen
175 1200 301 1269 tegatur.
345 1192 455 1272 aspida,
477 1203 511 1253 ut
530 1194 627 1254 multu
648 1194 743 1272 gratis
760 1226 773 1241 «ι

47 1273 192 1355 squalore
215 1274 312 1336 uultus
333 1276 439 1340 obruat
460 1287 592 1339 maestos
610 1296 705 1352 cuma,
887 1330 894 1356 2

48 1378 143 1440 quam
165 1360 251 1422 sceda
272 1361 364 1423 iaceat
381 1361 493 1424 barba·
529 1373 694 1442 praestetur
715 1362 798 1424 fides
813 1394 853 1409 -
903 1428 908 1437 x

47 1446 173 1506 fratrem
197 1446 277 1506 iuvat
296 1445 403 1507 ridere.
447 1448 619 1528 complanas
640 1448 713 1511 milri

48 1530 143 1592 redde
166 1530 319 1610 expetitos.
364 1532 505 1612 quidquid
529 1532 638 1594 irarum
660 1533 717 1593 fuit

47 1615 217 1689 transierit3
242 1634 277 1677 cx
298 1617 356 1678 hoc
377 1619 498 1697 sanguis
520 1636 554 1678 ac
578 1618 675 1698 pietas‘
691 1618 738 1678 die

49 1701 200 1774 colantur,
221 1701 330 1762 animia
351 1702 416 1764 adia
438 1704 573 1765 damnata
596 1703 741 1767 excidant.

49 1805 117 1847 rau.
161 1784 281 1847 Diluere
303 1805 421 1866 possem
441 1799 559 1862 cuncta,
581 1788 639 1849 nisi
660 1788 728 1849 talis
748 1789 839 1849 furca

50 1873 104 1932 sed
127 1872 231 1942 fatear,
252 1873 352 1943 Atreu,
374 1873 480 1947 fateor,
500 1872 606 1934 admisi
626 1872 726 1934 nmuia

51 1975 130 2036 quae
152 1956 313 2018 credidisti.
357 1958 513 2038 pessimam
536 1976 654 2019 causam
675 1974 770 2018 meam
815 2000 817 2009 ,

50 2041 195 2105 hodierna
217 2041 312 2121 pietas
333 2041 411 2103 lecit.
456 2052 500 2104 cst
521 2061 644 2124 prorsus
667 2060 785 2104 nocens·

52 2126 233 2207 quicumque
256 2127 333 2188 visus
355 2138 413 2188 tam
436 2127 516 2189 hunc
538 2129 621 2189 fratri
643 2138 687 2189 est
709 2145 830 2189 necans.

52 2212 181 2273 lacrimis
203 2213 349 2290 agendum
372 2220 434 2274 est:
458 2214 624 2293 supplicem
644 2214 759 2293 primus
781 2210 878 2289 vidc‘ag

52 2300 109 2359 hae
130 2307 158 2358 te
179 2309 340 2377 precantur
361 2298 486 2378 pedibus
507 2299 632 2359 intactae
654 2314 776 2361 manus:

52 2392 181 2462 ponatur
204 2383 302 2444 omnis
323 2383 366 2444 ira
389 2393 418 2445 et
440 2403 475 2444 ex
494 2384 597 2444 *anime
618 2396 718 2446 tumcr

54 2485 154 2528 emaus
174 2466 267 2529 abeat
311 2468 428 2528 obsides
450 2470 516 2529 lidei
540 2469 640 2548 accipe

54 2553 109 2615 hos
130 2551 315 2626 innoeentes,
338 2553 436 2614 irater.
480 2573 545 2614 aru⁸
588 2553 754 2631 agonibus
775 2570 895 2614 manum

54 2638 137 2697 aulen
158 2653 299 2717 meosque
321 2637 593 2718 potiuszamplanus
614 2648 692 2724 peta7

55 2739 107 2782 vos
128 2740 255 2801 quoque,
277 2740 381 2784 senum
405 2723 558 2803 praesidia,
581 2724 778 2798 tut-tuscana,
800 2739 867 2783 mec

54 2806 178 2887 pendete
199 2805 286 2868 collo.
329 2808 490 2888 squalidam
514 2817 623 2870 vcstem
643 2826 718 2869 exue

55 2890 206 2972 oculisque
229 2892 337 2954 ansuis
359 2911 446 2972 parce
468 2902 497 2954 et
519 2902 642 2954 ornatus
664 2910 736 2973 cape

56 2993 139 3057 pares
161 2977 234 3038 meis
256 2976 408 3057 laetusque
429 2978 551 3039 interni
574 2978 679 3058 impari

55 3080 172 3143 capesse
194 3069 316 3141 partem.
360 3062 454 3124 maier
473 3064 547 3125 haec
568 3062 633 3124 laus
656 3073 700 3124 est
722 3080 797 3135 mea,

55 3147 136 3208 fratri
157 3158 312 3226 paternum
334 3148 457 3209 reddere
479 3146 621 3209 incolumi
643 3149 749 3210 decue:

55 3231 160 3292 habere
180 3248 308 3310 regnum
329 3250 415 3294 casus
436 3242 491 3308 est,
513 3233 604 3295 virtus
626 3234 705 3295 dare.

8 3376 9 3387 2
55 3332 118 3388 rur.
159 3314 194 3376 lli
217 3317 308 3397 paria,
331 3318 431 3391 frater,
452 3318 547 3399 pretia
569 3336 625 3398 pre
646 3317 737 3380 tantis
756 3315 811 3377 tici

57 3400 165 3462 meritis
186 3402 360 3482 rependant.
404 3404 515 3482 regiam
539 3402 644 3483 capitia
665 3411 765 3464 natam

57 3484 170 3565 squalor
191 3496 308 3549 recusat
332 3496 432 3549 noster
454 3497 483 3548 et
504 3497 656 3570 sceptrum
676 3506 783 3549 marrus

139 3671 187 3722 496
205 3685 230 3721 v.
249 3677 364 3736 tempore
383 3686 405 3722 a.
423 3686 450 3722 v.
466 3671 643 3723 sternuntur
661 3688 682 3723 c.
700 3671 725 3722 ld
779 3672 829 3723 llll
849 3668 928 3721 seras:
946 3683 959 3720 s
974 3669 996 3719 τ’.
1015 3680 1068 3718 raa
1088 3681 1123 3715 ea

8 3778 9 3797 t
58 3736 147 3789 x2m.
164 3736 196 3787 Ε.
215 3766 249 3776 -
268 3739 392 3805 vestigat:
410 3739 458 3790 ull.
476 3745 488 3789 t
504 3741 523 3790 i.
536 3755 590 3792 rus.
609 3740 745 3790 1ltttaraa
761 3737 822 3791 2m.
839 3737 864 3788 Ε
881 3737 957 3801 (feras
969 3733 1083 3801 vestigas
1094 3732 1126 3784 M

8 3802 9 3861 j
57 3804 120 3857 lerna
135 3804 249 3871 vestigas
267 3804 305 3865 Ν)
375 3808 424 3860 tet
447 3807 502 3859 leto
520 3807 545 3858 Ε
621 3810 670 3861 504
688 3807 804 3875 spirat&
878 3808 925 3859 507
950 3805 1017 3856 iacet
1038 3801 1071 3855 ll.
1088 3829 1123 3840 —-
1192 3860 1195 3875 1

58 3877 230 3939 praestatura
298 3872 484 3928 bldlrutran
535 3878 588 3929 518
602 3876 768 3940 iniunctae&
819 3877 868 3927 att
886 3887 977 3926 manus
995 3872 1020 3922 A
1072 3873 1123 3922 att

59 3939 177 4006 pendente
194 3940 219 3991 ll
263 3943 320 4004 *tta
338 3942 559 4009 quateanetaunt
573 3944 708 4011 lucisque
721 3943 802 3995 frater
812 3941 901 4010 imperi
913 3942 939 3993 A
955 3939 1051 4006 (deletu
1062 3945 1125 3991 sunt

58 4009 254 4076 interpolatoris
270 4025 380 4062 manum
398 4014 516 4062 restituit
532 4013 658 4078 Poggius)
956 4042 959 4051 =
