2652 4486
655 254 774 298 ocrem

302 406 354 486 qui
376 414 532 468 mouerunt
552 406 671 469 horride
693 406 769 469 bella

303 491 506 573 Phrygiaeque
528 493 591 554 solo
614 509 705 573 regne
728 491 846 555 dedere.

370 576 430 640 Sed
451 577 520 657 quie
541 595 646 658 greeeu
667 577 729 641 ruit
748 577 873 641 auouito

301 673 352 725 aut
374 661 445 743 quid
466 671 566 744 portet
586 671 706 745 pectore
727 660 858 726 anhelo?

462 815 623 878 tttttttvs

257 917 444 999 Quicumque
465 919 551 983 teetie
569 917 697 982 excubat
718 917 803 980 milee
825 918 918 993 duola,

172 1003 311 1066 delendot
332 1003 428 1066 aulam
450 1004 500 1067 oui
523 1005 608 1067 furor
630 1004 734 1085 populi
756 1003 900 1066 imminet.

52 1140 55 1149 .
169 1089 278 1170 trepidi
300 1089 438 1152 cohortes
460 1108 530 1152 ecoe
552 1090 692 1171 praeleoti
714 1089 836 1152 truhuut

170 1174 314 1255 praesidia
337 1174 373 1235 ad
396 1173 488 1249 urbis,
510 1175 584 1237 vieta
609 1194 665 1238 uec
685 1174 765 1237 cedit
785 1182 867 1236 metu

170 1266 314 1340 eouoepta
337 1259 434 1322 rabies
455 1269 577 1337 temere,
600 1259 652 1323 sed
674 1261 751 1322 vireo
773 1260 861 1341 capit.

169 1362 254 1407 citor.
298 1344 372 1418 Quis
394 1345 450 1408 iste
471 1356 585 1409 mentre
606 1346 697 1426 agitet
717 1345 861 1408 attonitus
880 1343 989 1407 lurorl

168 1449 251 1493 uvur.
297 1430 433 1495 Octaviae
455 1431 553 1494 lavore
575 1449 716 1512 pereueea
738 1430 855 1511 agmina

169 1526 198 1578 et
220 1515 338 1579 efferata
360 1534 415 1597 per
438 1517 520 1579 uelas
543 1517 650 1597 iugens
672 1527 774 1580 ruunt.

167 1620 252 1663 cuore.
297 1600 374 1674 Quid
396 1620 467 1664 ausa
488 1603 586 1665 lacere
608 1621 704 1683 quove
725 1600 852 1663 oonsilio
874 1600 957 1664 doce.

166 1705 250 1749 uror.
294 1686 429 1750 Reddere
452 1697 574 1769 penates
597 1685 732 1751 Claudiae
754 1686 812 1748 diri
834 1694 941 1768 parent

166 1781 309 1853 torosque
330 1773 439 1848 fratris,
462 1771 589 1835 debitam
612 1782 725 1854 partem
748 1773 865 1853 imperi.

166 1876 251 1919 eaor.
294 1856 377 1930 Quos
399 1857 457 1920 iam
479 1867 560 1921 tenet
581 1857 719 1940 Poppaeo
740 1858 882 1919 concordi
903 1855 985 1920 fidet

165 1961 249 2005 auur.
292 1942 349 2004 llio
370 1942 431 2005 urit
452 1943 568 2006 animos
589 1945 725 2025 pertinax
746 1941 873 2005 nimium
896 1945 976 2006 lavor

166 2037 197 2091 et
217 2028 249 2090 in
270 2028 402 2091 furorem
424 2037 535 2091 temere
556 2029 734 2111 praecipites
755 2027 831 2107 agit:

165 2132 370 2194 quoecumque
393 2113 472 2176 olaro
495 2132 641 2177 marmore
664 2113 777 2193 eldgiee
798 2112 880 2175 stetit

164 2209 215 2261 aut
236 2217 305 2262 aere
326 2199 454 2279 fulgens,
478 2219 528 2262 ora
551 2199 706 2281 Poppaeae
727 2217 845 2279 gerens,

164 2285 272 2347 aldiota
293 2284 373 2363 vulgi
395 2284 532 2347 monibus
554 2293 584 2347 et
605 2304 691 2348 saevo
713 2285 788 2347 iacet

163 2388 265 2432 eversa
288 2370 384 2445 terro3
407 2370 538 2433 membra
562 2389 615 2453 per
637 2381 736 2452 portes
757 2370 879 2433 trahunt

163 2455 287 2518 deducta
310 2454 433 2534 laqueis,
456 2455 589 2519 obruunt
610 2456 692 2536 turpi
714 2455 766 2517 diu

162 2541 270 2603 calcata
293 2558 395 2602 caeno.
440 2541 527 2604 rerba
550 2541 732 2604 conveniunt
753 2539 824 2602 ferie

161 2624 291 2689 im'mixta
314 2626 399 2688 laetis
421 2645 497 2706 quae
518 2626 608 2689 timor
630 2626 734 2689 reticet
756 2644 849 2688 moue.

161 2712 259 2794 sepire
281 2711 407 2772 flammis
429 2712 575 2793 principie
598 2712 697 2775 sedem
719 2722 833 2793 parant,

160 2797 264 2879 populi
287 2797 345 2858 uisi
367 2797 428 2860 irae
449 2799 607 2877 coniugem
630 2797 732 2859 reddet
754 2816 868 2873 novam,

159 2882 261 2945 reddet
284 2890 406 2965 penates
429 2882 566 2945 Claudiae
589 2882 683 2945 vietus
705 2901 787 2945 suos.

160 2978 192 3030 ut
214 2978 318 3031 poseat
339 2968 404 3049 ipse
426 2967 533 3030 ciuium
556 2978 665 3044 motor,
687 2987 752 3031 mea

157 3072 229 3116 voce
251 3054 327 3117 haud
351 3052 490 3116 morabor
511 3054 591 3118 iussa
613 3054 755 3135 praelecti
777 3051 894 3132 exequi.

284 3226 367 3270 eaor.
412 3206 489 3278 Quid
513 3207 575 3268 sera
597 3209 707 3271 frustra
728 3206 805 3269 bella
828 3201 973 3267 movetis?

284 3292 392 3354 invicta
414 3292 492 3371 gerit
513 3291 569 3354 tela
592 3291 722 3374 Cupido:

241 3463 290 3514 779
308 3475 353 3527 qur
344 3459 452 3512 ’.lt-
418 3464 574 3528 -peutore
592 3463 678 3528 portat
695 3459 772 3512 eodd.
784 3457 948 3511 eorreeith
958 3456 1104 3513 Muellerus
1123 3464 1244 3526 lpeetore

154 3529 217 3597 quid
234 3528 367 3597 portetB.
385 3528 591 3580 Sellrm'dtimd.
610 3544 659 3580 enu
678 3533 747 3594 tr.p
749 3528 818 3592 66)
904 3529 985 3577 tneor.
1003 3526 1117 3579 nuntius.
1143 3528 1241 3582 elrorus

154 3602 204 3653 789
222 3598 296 3651 mileo
312 3596 411 3649 exultet
428 3597 504 3650 oodd.
522 3595 615 3662 (milies
633 3595 665 3648 ll
679 3596 762 3650 milles
774 3595 808 3660 11)
826 3598 948 3647 eorreot't
963 3593 1077 3646 Boetius
1093 3597 1139 3661 (ιιι.
1158 3611 1241 3649 exeu-

152 3668 197 3719 bat
213 3666 253 3719 lla
253 3665 422 3734 portagio»)
491 3668 542 3718 784
560 3670 655 3719 temere
673 3681 723 3718 om.
741 3664 795 3716 MD
864 3665 914 3717 785
932 3661 994 3729 quid
1012 3663 1123 3715 «llo.—
1141 3666 1240 3716 attoni-

153 3741 192 3787 tae
211 3738 236 3786 ‹l›
287 3735 337 3788 786
354 3733 437 3786 lurore
455 3734 531 3787 oodd.
550 3737 671 3785 eorreaot't
689 3732 980 3798 deorumdeorum)
1032 3732 1080 3783 787
1099 3736 1127 3783 et
1144 3748 1201 3785 om,
1215 3736 1239 3783 Φ

153 3806 203 3855 too
221 3808 326 3855 torosre
344 3805 368 3853 Φ
432 3805 479 3855 791
498 3817 570 3856 eone.
588 3802 645 3854 viee
664 3802 739 3866 ‹ullt
755 3803 828 3868 vulg.
845 3816 869 3853 o.
888 3801 916 3864 l)
979 3801 1028 3851 tot
1047 3799 1116 3851 luror
1134 3800 1240 3851 ΣΦΙΛΙ

152 3874 274 3921 corr-emt
292 3870 401 3922 Grotius
417 3870 487 3933 (eod.
505 3870 589 3922 bour
601 3870 697 3932 37,11)
749 3874 798 3924 tue
816 3873 861 3921 eut
878 3881 922 3920 are
939 3867 1015 3920 eodd.
1028 3871 1151 3918 oorreoee‘t
1171 3867 1237 3935 Lip-

151 3940 207 3987 rr'ue
259 3939 308 3989 798
323 3936 432 3989 deducta
445 3936 477 4000 Τ]
495 3937 597 3989 diducto
613 3908 714 3988 ium
756 3940 806 3991 800
816 3936 909 4003 reetprt
917 3937 994 3988 redd
1004 3938 1125 3987 correxit
1136 3935 1235 3987 Dete-ro

151 4005 199 4053 sot
219 4003 293 4054 edem
310 4003 385 4053 2011
450 4005 500 4056 893
518 4005 620 4057 iunctus
638 4005 681 4055 vel
697 4006 799 4059 uinctus
818 4004 915 4057 tuor!
