2720 4488
502 246 505 255 '
588 270 718 315 nunnoni

115 441 223 484 sensus
245 422 407 496 malorum;
429 421 497 483 finis
519 422 635 484 Alcides
656 421 723 496 suit,

116 507 167 587 qui
190 526 258 570 cum
281 508 429 569 revulsum
452 508 574 570 Tartaro
597 506 779 569 abstraheret
800 525 913 583 canem,

113 611 162 653 me
185 610 306 673 quoque
327 611 473 672 supernas
495 593 607 672 pariter
628 593 663 654 ad
686 593 772 654 sedes
793 593 870 655 tulit.
1143 604 1188 656 845

114 677 166 738 sed
187 677 265 740 fessa
288 678 380 739 virtus
403 678 511 740 robore
533 678 655 757 antiquo
679 685 759 739 caret

113 763 323 843 trepidantque
345 781 475 843 gressus.
518 764 588 839 heu,
611 762 695 824 labor
716 774 845 842 quantus
866 763 923 824 luit

114 847 330 928 Phlegethonte
353 849 388 909 ab
411 848 471 908 imo
493 856 594 928 petere
616 848 814 927 longinquum
837 848 955 910 aethera

114 933 286 1013 pariterque
307 934 434 994 mortem
456 934 559 1012 lugere
582 940 611 994 et
633 933 754 994 alciden
778 935 873 1013 sequi.

201 1018 274 1089 Quis
295 1018 430 1080 fremitus
452 1037 538 1080 aures
560 1017 666 1080 flebilis
688 1018 803 1099 pepulit
825 1016 928 1080 meas?

115 1112 268 1184 expromat
290 1103 406 1183 aliquis.
450 1104 550 1165 luctus
571 1113 601 1165 et
622 1103 759 1166 lacrimae
782 1112 811 1166 et
833 1103 926 1179 dolor,

115 1187 147 1248 in
169 1189 271 1252 limine
294 1189 359 1269 ipso
382 1197 491 1250 maesta
514 1186 705 1251 lamentatio?

114 1275 247 1355 auspicia
270 1274 359 1354 digna
379 1291 504 1355 prorsus
527 1274 646 1336 inferno
668 1272 795 1353 hospite.

485 1426 629 1488 NVTRlX

200 1528 295 1590 Tenet
316 1527 497 1590 obstinatum
518 1527 650 1589 Phaedra
673 1527 831 1589 consilium
854 1528 937 1592 necis

114 1615 261 1692 lletusque
284 1621 403 1676 nostros
425 1613 541 1694 spernit
562 1632 596 1675 ac
617 1613 705 1674 morti
726 1613 870 1675 imminet.

114 1718 193 1760 ruas.
245 1698 327 1769 Quae
350 1716 438 1760 causa
460 1698 536 1766 leti?
558 1698 668 1760 reduce
691 1716 746 1758 cur
767 1698 894 1761 moritur
913 1695 998 1759 viro?

113 1802 197 1846 nura.
242 1782 321 1846 llaec
343 1784 407 1864 ipsa
428 1784 519 1846 letum
542 1802 629 1846 causa
651 1791 801 1845 maturum
823 1785 928 1848 attulit.

113 1888 194 1930 anas·
244 1868 387 1949 Perplexa
408 1886 549 1948 magnum
571 1868 658 1930 verba
680 1868 781 1931 nescio
804 1869 876 1949 quid
898 1878 1013 1949 tegunt.

114 1954 203 2016 effare
225 1962 327 2034 aperte
348 1954 416 2033 quis
438 1963 538 2033 gravet
558 1962 688 2016 mentem
711 1954 805 2016 dolor.

112 2058 197 2101 arra.
242 2037 319 2100 Haut
340 2039 443 2120 pandit
465 2038 533 2114 ulli;
557 2049 666 2101 maesta
687 2051 836 2103 secretum
857 2039 966 2101 occulit

113 2123 274 2204 statuitque
295 2143 397 2186 secum
419 2125 497 2187 serre
520 2143 580 2204 quo
602 2124 729 2186 moritur
750 2126 870 2186 malum.

3 2218 6 2223 ’
113 2210 170 2271 iarn
192 2227 295 2289 perge,
318 2228 439 2289 quaeso,
462 2227 570 2290 perge:
594 2220 752 2291 properato
775 2221 821 2273 est
843 2228 929 2291 opus.

114 2312 195 2356 roas.
246 2294 386 2357 Reserate
408 2295 525 2356 clausos
546 2295 620 2374 regii
643 2305 742 2374 postes
764 2296 842 2357 laris.

202 2378 226 2440 Ο
250 2380 330 2441 socia
351 2380 480 2455 thalami,
503 2381 597 2442 sicine
618 2381 776 2443 adventum
798 2380 851 2442 viri

117 2472 145 2525 et
167 2463 286 2544 expetiti
309 2465 445 2545 coniugis
468 2465 579 2527 vultum
602 2463 736 2544 excipis?

116 2549 189 2628 quin
212 2567 284 2611 ense
305 2550 406 2612 uduas
429 2551 578 2612 dexteram
599 2559 689 2630 atque
709 2550 840 2612 animum
862 2550 935 2612 mihi

115 2632 247 2696 restituis
270 2642 299 2696 et
319 2645 349 2697 te
373 2635 515 2715 quidquid
538 2654 555 2698 e
578 2635 634 2697 rita
656 2636 738 2715 lugat

115 2717 290 2800 expromisi
333 2739 379 2781 on.
424 2721 518 2796 Eheu,
541 2739 596 2801 per
617 2720 660 2782 tui
682 2728 832 2800 sceptrum
855 2719 971 2800 imperi,

114 2805 302 2884 magnanime
324 2804 452 2881 Theseu,
475 2823 588 2886 perque
611 2813 748 2867 natorum
770 2805 901 2883 indolem
940 2820 988 2851 ‘ec
1003 2818 1019 2840 8

114 2904 243 2969 tuosque
265 2890 380 2952 reditus
401 2909 516 2972 perque
538 2892 595 2952 iam
618 2889 734 2952 cineres
755 2909 848 2965 meos,

114 2975 253 3055 permitte
274 2984 410 3038 mortem.
455 2994 537 3038 unns.
581 2973 674 3037 Causa
696 2993 771 3054 quae
794 2975 873 3053 cogit
894 2971 992 3035 mori?

114 3079 160 3120 ru.
241 3060 273 3121 Si
296 3079 383 3122 causa
404 3060 454 3122 leti
477 3060 594 3136 dicitur,
618 3063 732 3122 tructus
754 3062 841 3140 perit.

115 3163 194 3206 anns.
238 3145 331 3207 Nemo
354 3145 434 3208 istud
455 3141 540 3221 alius,
562 3165 610 3208 me
633 3145 752 3226 quidem
775 3154 908 3224 excepto,
930 3144 1039 3208 audiet.

113 3249 160 3290 ru.
240 3231 336 3291 Aures
358 3231 464 3311 pudica
487 3231 623 3311 coniugis
645 3232 722 3292 solas
744 3230 838 3293 timet·

115 3333 195 3375 anas.
239 3315 356 3377 Effare:
379 3317 438 3378 fido
460 3324 582 3396 pectore
604 3334 709 3379 arcana
732 3316 875 3378 occulam.
928 3352 953 3403 g
1144 3326 1206 3381 876,

116 3418 161 3459 en.
237 3399 336 3461 Alium
359 3401 446 3463 silere
469 3402 549 3481 quod
572 3402 661 3476 voles,
683 3403 798 3481 primus
819 3401 884 3463 sile.
954 3413 959 3426 '

62 3538 64 3541 .
117 3502 197 3544 anns.
240 3484 305 3548 Leti
328 3486 450 3549 lacultas
473 3486 554 3549 nulla
577 3487 730 3567 continget
752 3486 814 3548 tihi.

116 3599 319 3614 ἦ

202 3670 250 3721 843
268 3684 367 3722 mersus
384 3669 541 3723 malommA
592 3672 642 3723 844
659 3670 761 3722 revulso
779 3670 812 3724 Ε.
830 3698 864 3708 -
882 3667 1058 3720 extraheretA
1102 3669 1151 3720 852
1164 3672 1191 3719 et

113 3734 201 3788 limine
218 3736 245 3787 in
262 3736 318 3804 ipso
336 3739 361 3789 A
430 3742 480 3792 853
498 3738 611 3807 hospitia
629 3739 705 3793 codd.
724 3741 846 3790 correxit
862 3736 970 3790 Grotius
1041 3738 1090 3789 866
1110 3736 1190 3787 aoth*

115 3806 165 3858 863
182 3805 266 3872 poetis
286 3805 353 3860 lares
378 3813 398 3872 ς
484 3810 535 3861 864
551 3823 638 3859 novoe
660 3822 773 3858 coaonae
797 3807 892 3858 titulato
914 3804 1038 3858 Theseus.
1066 3802 1188 3858 Phaedra.

114 3872 205 3925 Nutrix
223 3874 300 3926 tacita
317 3875 343 3925 Ε
361 3874 437 3928 Thes.
455 3874 550 3929 Phaed.
567 3876 593 3928 A
671 3877 720 3928 868
739 3875 788 3927 heu
805 3877 832 3926 A
855 3875 915 3938 (lieu
937 3889 982 3941 per
1005 3873 1066 3939 imp.
1091 3887 1127 3925 sc.
1152 3872 1190 3924 tui

114 3942 244 4009 Poggius)
315 3945 366 3996 874
386 3942 483 3996 Theseo
502 3947 678 3997 continuatur
694 3944 727 3999 A.
752 3972 786 3984 -
810 3956 833 3996 a.
852 3941 958 4011 pudicas
976 3958 999 3996 c.
1017 3956 1039 3996 s.
1057 3941 1148 3994 times?
1165 3942 1191 3993 A

115 4012 163 4063 sta
182 4011 317 4079 contiguet
333 4010 359 4062 Ε
