2658 4488
538 239 713 284 AGAMEMNON

79 410 154 452 asc.
213 390 312 452 Pretio
336 400 433 470 parata
455 391 583 453 vincitur
603 392 699 471 pretio
721 392 803 453 tides.

79 496 168 538 cour.
213 476 314 555 Surgit
336 477 471 538 residuus
493 477 635 556 pristinae
657 478 764 538 mentis
787 478 884 558 pudor
904 512 946 524 -

80 562 159 642 quid
182 558 352 641 obstrepis?
382 562 452 640 quid
476 580 546 622 voce
570 560 757 641 blandiloqua
779 564 853 625 mala

80 646 210 708 consilia
233 643 347 707 dictas?
378 646 490 708 scilicet
512 646 605 708 nubet
626 648 689 716 tibi,

80 750 190 809 regum
213 731 318 793 relicto
341 750 421 809 rege,
444 750 586 811 generosa
608 730 710 792 exoli?

79 836 151 877 ano.
211 816 248 878 Et
270 834 325 877 cur
347 817 447 878 htrida
468 817 569 878 videor
589 817 715 877 inferior
737 816 798 891 rint,

79 908 173 963 natus
194 898 360 981 Thyestae?
404 920 484 963 cura.
529 902 559 963 si
583 920 687 980 parum
711 913 764 973 est,
789 902 862 964 adde
885 912 914 965 et
935 923 1038 985 nepos.

78 1005 149 1046 nnc.
210 990 338 1048 Auctore
359 985 479 1047 Phoebo
502 987 623 1066 gignor:
647 987 725 1048 haud
748 989 864 1064 generis
887 992 988 1070 pudet.

79 1091 165 1133 cerr.
209 1070 361 1133 Phoebum
385 1072 528 1134 netandae
550 1073 650 1151 stirpis
672 1080 822 1134 auctorem
846 1092 940 1149 vocas,
1012 1112 1018 1122 ·
1110 1087 1154 1138 295

79 1175 174 1236 quern
196 1164 283 1218 nocte
304 1155 399 1217 subita
421 1157 505 1218 irena
526 1167 713 1218 revocantem
736 1177 789 1218 sua

80 1242 166 1303 caelo
190 1239 367 1323 expulistis?
400 1241 469 1320 quid
494 1242 565 1303 deos
587 1242 698 1321 probro
721 1241 876 1304 addimus?

79 1327 238 1407 subripere
262 1327 490 1388 doctuslraude
512 1327 642 1405 geniales
664 1333 754 1398 toros,

81 1430 172 1492 quem
195 1411 308 1473 Venere
330 1419 445 1473 tantum
467 1415 577 1473 scimus
599 1412 709 1473 inlicita
732 1412 836 1485 virum,

79 1498 194 1559 lacesse
215 1514 344 1577 propere
365 1515 399 1557 ac
421 1497 549 1558 dedecus
571 1506 688 1559 nostrae
714 1497 818 1558 domus

79 1591 199 1662 asporta
221 1581 257 1642 ab
279 1580 390 1643 oculis:
413 1582 486 1643 hacc
508 1591 588 1642 vacat
610 1582 672 1660 regi
694 1600 728 1642 ac
750 1582 821 1643 viro.

79 1686 146 1728 nno.
206 1666 298 1728 Exilia
320 1666 391 1727 mihi
415 1676 486 1728 sunt
507 1666 585 1728 haud
608 1685 693 1742 nova,
716 1668 829 1729 assuevi
852 1669 944 1731 malis.

79 1753 104 1813 si
127 1761 160 1813 tu
183 1753 320 1831 imperas,
342 1751 455 1830 regina,
478 1771 539 1815 nou
561 1761 675 1813 tantum
699 1753 785 1812 domo

79 1836 202 1917 Argisve
225 1838 314 1898 cedo:
337 1837 380 1897 nil
402 1856 503 1898 moror
524 1838 608 1899 iussu
632 1848 682 1898 tuo

79 1923 196 2001 aperire
217 1923 296 1983 ferro
319 1929 423 2000 pectus
445 1922 595 1983 aerumnis
616 1941 713 2000 grave.

80 2027 160 2068 cura.
204 2006 356 2086 Siquidem
378 2007 435 2068 hoc
458 2015 579 2069 cruenta
601 2006 745 2087 Tyndaris
768 2007 831 2069 lieri
854 2009 958 2070 sinam.
996 2048 998 2053 -

79 2111 155 2171 quae
178 2092 277 2154 iuncta
299 2099 401 2172 peccat
423 2092 510 2154 debet
532 2102 560 2153 et
583 2092 686 2172 culpae
709 2092 807 2152 fidem.

78 2178 183 2239 secede
203 2195 319 2238 mecum
341 2178 452 2255 potius,
476 2186 628 2239 utrorum
651 2189 760 2240 statum

77 2261 200 2324 dubium
223 2281 257 2323 ac
279 2261 424 2323 minacem
445 2264 546 2324 iuncta
568 2263 690 2324 consilia
712 2262 870 2342 explicent.

366 2396 515 2460 ofloavs

162 2496 273 2574 canite,
296 2516 314 2558 o
336 2498 430 2579 pubes
452 2499 570 2574 inclita·
585 2499 754 2562 Phoebum!

205 2582 257 2644 tibi
279 2584 353 2646 lesta
375 2594 463 2664 caput

161 2668 247 2729 turha
270 2679 402 2744 coronat,
425 2668 477 2729 tibi
499 2669 655 2750 virgineas,

203 2753 319 2814 laurum
341 2753 486 2833 quatiens,

161 2839 196 2900 de
218 2856 301 2900 more
323 2857 422 2900 comas
445 2838 556 2900 innuba
578 2840 655 2901 ludit

203 2924 294 3004 stirps
315 2923 449 2997 lnaohia;
1102 2934 1147 2985 315

160 3026 295 3087 quaeque
318 3008 433 3070 Erasini
456 3008 569 3086 gelidos
590 3009 698 3084 tontes,
1102 3020 1148 3072 318

202 3111 338 3172 quaeque
359 3093 503 3167 Eurotan,
569 3164 575 3177 ι

160 3195 296 3257 quaeque
317 3177 424 3240 virenti
445 3178 566 3242 taciturn
589 3177 652 3258 ripn
1101 3189 1147 3240 320

202 3260 279 3323 bibis
301 3262 455 3325 lsmcuont

160 3357 192 3410 tu
215 3366 336 3427 quoque
358 3357 486 3422 nostros,
509 3347 635 3408 Thebais
658 3347 776 3426 hospes,
1102 3360 1147 3409 316

202 3432 341 3493 comitare
364 3433 481 3506 choros,
1102 3444 1147 3494 317

160 3568 294 3619 288-300
312 3569 409 3617 nutriar
431 3580 493 3616 cum
509 3566 638 3630 Aegistho
663 3565 834 3630 conloquitur
852 3564 877 3614 Ε
901 3564 936 3627 cf.
954 3564 977 3629 1,
994 3564 1028 3617 83
1096 3568 1144 3618 291

81 3647 199 3699 generoso
217 3633 241 3684 d
309 3636 357 3686 297
377 3633 470 3700 probro
487 3633 600 3685 advocas
617 3633 643 3683 A
711 3635 761 3686 298
778 3633 826 3684 snb
844 3647 906 3699 rupe
928 3632 1047 3684 reductus
1066 3632 1083 3683 l.
1103 3648 1146 3700 ge·

81 3700 150 3753 nialio
166 3701 215 3753 tori
230 3701 255 3753 ll
306 3705 356 3754 300
374 3700 466 3753 secede
482 3716 599 3768 propere,
616 3700 726 3753 dedecus
744 3701 827 3752 clarae
844 3700 935 3752 domus
948 3701 972 3750 A
1015 3704 1062 3752 301
1077 3702 1144 3768 regia

80 3769 130 3821 viro
147 3768 197 3834 1ος
265 3772 315 3823 306
333 3770 426 3821 sinam:
449 3784 491 3820 arn
513 3770 645 3819 detererem
663 3784 722 3819 eum
740 3769 849 3819 scholiis
870 3769 895 3818 Ε
913 3774 989 3819 extat
1004 3771 1029 3817 Σ
1096 3772 1145 3822 307

81 3852 141 3905 quae
162 3837 241 3889 iuvita
265 3837 316 3891 uA
339 3841 447 3902 συνῆς
532 3839 582 3890 310
600 3852 708 3887 carmen
733 3840 762 3887 r'rr
784 3838 810 3887 A
833 3837 954 3887 dimetria
978 3836 1099 3887 dccrrrrit
1121 3844 1147 3888 et

80 3911 237 3957 monometro
256 3905 395 3957 clauditur
464 3907 513 3957 311
532 3904 656 3957 lundltA
707 3908 757 3957 315
775 3905 862 3971 stirpis
879 3903 1037 3956 inachiaeld
1088 3907 1146 3959 310.

81 3977 124 4027 tlt
139 3981 201 4041 port
219 3990 243 4025 o.
261 3972 313 4027 321
331 3974 472 4025 collocarit
490 3973 603 4024 Bethtus
672 3977 722 4026 310
740 3972 861 4025 Thebana
878 3988 968 4025 manns
987 3974 1011 4024 A
