2790 4494
178 235 219 299 32
568 254 597 295 u.
612 253 718 297 cauom
732 253 860 298 semem

177 404 307 485 iugoque
331 423 466 485 pressum
489 404 581 468 libera
602 406 684 486 turpi
705 404 820 482 lovem3

178 491 229 553 aed
250 500 319 554 ante
340 497 463 553 matrem
486 491 641 570 parvulum
663 493 721 553 hoc
744 498 910 553 monstrum
933 491 1055 554 occidat.

178 594 247 637 uae.
292 575 358 647 Quo
380 575 477 639 tendis
500 574 624 638 amens?
654 576 829 656 sanguinem
851 576 958 639 fundes
980 576 1085 640 tuum?

177 679 264 723 ama.
307 660 479 723 Pavefactus
501 661 599 723 infans
620 662 708 741 igneo
730 662 813 724 vultu
836 662 928 741 patris

177 746 255 826 perit
276 755 343 809 ante
365 745 482 824 vulnus,
505 746 643 828 spiritum
667 746 776 825 eripuit
798 747 896 808 timor.

178 830 209 892 iu
232 831 389 911 coniugem
412 850 494 894 nunc
516 833 594 895 clara
616 831 741 893 libretur
763 833 859 910 gravia
879 864 922 877 -

177 917 321 996 perfregit
343 935 425 993 ossa,
450 917 570 998 corpori
591 926 698 979 trunco
721 926 811 997 ceput
858 940 861 973 :

177 1000 260 1064 abeat
273 1021 338 1064 mec
361 1020 487 1082 usquam
508 1010 561 1065 est.
605 1019 728 1064 cernere
750 1002 808 1063 hoc
830 1001 935 1079 audes,
960 1003 1049 1066 nimie

176 1086 258 1148 vivax
280 1084 443 1149 senectus?
472 1087 498 1149 si
520 1088 603 1168 piget
623 1087 740 1163 fuctus,
762 1086 853 1149 habes

176 1180 302 1234 mortem
324 1182 470 1253 paratam:
501 1183 605 1253 pectus
628 1173 659 1234 in
681 1172 739 1234 tela
762 1171 862 1249 indue,
944 1194 958 1227 s

177 1257 222 1318 vel
244 1257 383 1337 stipitem.
396 1258 473 1319 istuc
495 1257 583 1320 caede
606 1265 776 1319 nostrorum
800 1257 919 1319 inlitum

178 1350 326 1404 converte.
370 1343 476 1405 falsum
498 1361 533 1404 ee
555 1343 669 1405 nomini
691 1351 809 1423 turpem
832 1350 883 1403 tuo

178 1445 295 1489 remove
318 1436 482 1508 parentem,
505 1447 544 1490 ne
564 1436 633 1490 tuae
655 1428 735 1489 laudi
757 1428 918 1508 obstrepat.

177 1531 261 1574 cnon.
305 1513 371 1585 Quo
393 1514 525 1593 teipso,
548 1514 664 1588 senior,
687 1512 805 1574 obvium
827 1512 917 1573 morti
938 1511 1071 1593 ingeris?

178 1617 238 1678 quo
260 1599 361 1677 pergis
383 1595 508 1660 amem?
538 1600 664 1678 profuge
686 1605 716 1659 et
737 1599 872 1661 obtectus
894 1598 958 1660 fate,

177 1701 331 1762 unumque
352 1682 488 1745 manibus
510 1684 593 1745 aufer
614 1682 769 1745 Herculeis
792 1682 897 1745 seetue

177 1786 261 1829 mue.
302 1768 383 1830 Bene
404 1768 506 1845 habet,
529 1768 662 1849 pudendi
684 1769 761 1847 regis
784 1768 880 1829 excisa
902 1775 948 1830 cet
969 1768 1084 1832 domus.

175 1853 230 1914 tibi
252 1854 334 1915 hunc
357 1853 501 1930 dicatum,
523 1854 642 1916 maximi
665 1854 795 1915 coniunx
817 1852 904 1929 loris,

177 1955 296 2017 gregem
319 1938 426 2013 cecidi3
455 1946 520 2000 vote
541 1939 670 2019 persolvi
691 1937 788 2000 libens

177 2033 207 2085 te
229 2023 333 2103 digna,
357 2033 385 2086 et
407 2025 502 2104 Argos
523 2024 655 2086 victimae
676 2023 746 2086 alias
769 2022 857 2085 dabit.

178 2126 264 2170 ture.
308 2108 446 2170 Nondum
467 2109 572 2183 limati,
595 2119 677 2172 nate:
710 2125 889 2171 consumma„
905 2125 1031 2170 sacrum.

177 2201 233 2255 stat
255 2212 324 2256 eece
346 2195 381 2255 ad
403 2212 468 2256 aras
490 2195 600 2271 hostia,
631 2205 764 2274 expectat
785 2208 906 2255 martum

178 2278 290 2340 cervice
312 2297 423 2359 prona;
452 2279 580 2360 praebeo
603 2297 729 2342 occurro
751 2278 909 2357 insequor:

176 2371 269 2425 macta
292 2398 333 2408 —
356 2364 426 2444 quid
449 2365 507 2426 hoe
529 2362 596 2425 est‘f
627 2373 705 2426 errat
724 2363 803 2425 acies
825 2363 972 2426 luminum

176 2449 316 2529 visusque
337 2467 453 2511 marcor
474 2449 608 2525 hebetat3
635 2468 672 2510 an
694 2448 778 2511 video
800 2448 938 2510 Herculis

176 2552 282 2597 manua
303 2532 486 2597 trementes?
515 2534 614 2596 vultus
637 2534 668 2596 in
690 2552 828 2596 somnum
851 2534 928 2595 cadit

177 2627 207 2682 et
228 2620 304 2682 fessa
327 2621 424 2682 cervix
446 2619 541 2700 eapite
562 2620 721 2682 summisso
744 2619 835 2693 labat3

176 2706 251 2767 flexo
275 2722 353 2784 genu
376 2705 433 2766 iam
455 2713 536 2766 totus
557 2705 594 2766 ad
617 2713 725 2768 terram
747 2704 817 2778 ruit,

175 2797 210 2852 ut
233 2808 315 2852 caesa
337 2789 416 2851 silvis
439 2808 531 2852 ornus
554 2799 604 2852 aut
625 2797 745 2870 portum
767 2788 840 2852 meri

177 2876 279 2937 datura
300 2876 403 2938 moles.
449 2875 519 2937 rivis
541 2895 577 2937 an
602 2877 661 2938 feto
685 2876 764 2938 dedit

176 2958 254 3023 idem
275 2971 344 3023 tuos
366 2959 417 3040 qui
439 2961 519 3022 misit
541 2962 577 3023 ad
598 2972 724 3024 mortem
746 2957 853 3021 furor?

177 3064 268 3126 sopor
290 3054 348 3107 est:
378 3046 548 3126 reciprocos
570 3047 693 3126 spiritua
716 3053 814 3108 motus
836 3044 906 3124 agit.

177 3130 263 3192 detur
285 3130 377 3210 quieti
399 3139 535 3211 tempus,
556 3139 591 3191 ut
613 3134 728 3193 somno.
742 3130 820 3209 gravi

175 3214 219 3276 vis
240 3215 316 3277 victa
338 3215 434 3277 morbi
457 3226 561 3296 pectus
583 3233 761 3297 oppressum
781 3215 867 3276 levet.
908 3240 928 3273 a
1012 3266 1015 3275 .

175 3308 339 3378 removete,
363 3300 478 3395 famuli,
501 3301 574 3376 tela,
597 3319 636 3362 ne
658 3307 771 3382 repetat
793 3300 906 3362 furem.
940 3350 945 3360 .

263 3522 328 3574 1020
350 3523 492 3572 monetmm
515 3516 627 3573 auferam
650 3519 674 3570 A
762 3520 834 3571 1021
850 3516 962 3569 Herculi
982 3515 1065 3567 datur
1086 3515 1118 3568 Ε.
1140 3545 1174 3554 -
1196 3515 1250 3568 fuo-

176 3586 238 3640 dene
256 3592 275 3654 ς
354 3589 420 3641 1022
442 3604 575 3655 portenae
596 3594 688 3640 notam
707 3602 758 3640 om.
779 3587 864 3638 12.-
885 3586 961 3653 igneo
979 3583 1063 3636 inferte
1079 3584 1105 3635 Ε
1186 3585 1249 3636 1023

174 3657 260 3725 rapuit
277 3657 302 3708 A
376 3659 441 3710 1024
459 3654 601 3724 coniugeE
671 3658 736 3709 1020
754 3668 876 3722 usquam:
895 3669 907 3706 a
925 3668 960 3704 oar
977 3652 1115 3705 m1m.E
1186 3654 1250 3705 tote

174 3725 252 3776 fetum
272 3725 348 3777 codd.
358 3726 518 3778 correcte·
530 3724 608 3777 coede
625 3728 795 3777 monstrorum
814 3722 890 3774 codd.
909 3723 1031 3773 core-ecit
1046 3720 1078 3773 B.
1088 3720 1251 3773 Schmidtius

173 3794 228 3843 obe.
247 3796 308 3847 crit.
325 3811 352 3861 p.
369 3794 405 3846 23
469 3795 539 3847 1031
560 3793 689 3860 obstrepat
707 3810 742 3844 eo·
759 3791 890 3857 obstepmt
908 3791 967 3869 fm.
985 3789 1010 3841 ff
1040 3856 1046 3869 ι
1072 3791 1137 3842 1032
1159 3787 1252 3841 rotate

287 3860 654 3997 00101101
670 3859 972 3982 rueretrueret
989 3858 1250 3978 arctoae

175 3998 282 4045 mowitz
336 3999 400 4048 1⁰47
419 4001 508 4063 portus
526 3997 551 4048 A
614 4001 683 4059 1050,
698 3997 801 4066 spiritus
818 3997 847 4048 in.
863 3994 976 4050 ortusE
1038 3996 1101 4047 tuot
1122 3994 1207 4062 gravis
1225 3994 1251 4045 A
