2720 4488
141 185 202 245 114
524 203 552 245 ι.
575 203 681 247 runem
702 204 830 248 sennenn

140 369 200 430 quo
222 350 341 432 pondua
363 352 454 416 animi
475 361 592 433 vergat,
615 352 668 416 ubi
689 364 781 434 ponat
802 356 907 432 minas,

139 436 257 499 haeret:
280 436 710 527 minatur,aestuatqueritur,
722 440 820 520 gemit

138 521 191 582 uhi
210 539 246 584 se
268 520 324 584 iste
343 523 454 586 ductus
474 521 611 603 franget?
633 526 762 588 exundat
782 527 875 589 furor.

9 616 44 687 M:
83 622 115 667 ’,
140 625 203 669 non
225 606 311 670 facile
332 626 433 671 secum
454 617 558 681 verum
573 617 624 671 aut
645 610 776 672 medium
798 611 912 688 scelus3

140 709 173 755 se
194 690 307 755 vincet:
331 693 392 756 irae
414 694 551 757 novimus
573 695 679 757 veteris
702 702 797 758 notas.

106 794 112 817 ·
139 794 281 856 magnum
302 776 413 859 aliquid
435 779 543 855 instat,
565 780 688 842 alierum
710 780 839 843 immane
860 781 1001 862 impium:

138 861 252 925 vultum
274 863 386 926 luroris
408 881 509 927 cerno.
553 862 582 925 di
605 864 707 928 lallant
729 867 857 929 metuml

470 1015 602 1079 hunul

226 1117 257 1179 Si
280 1117 398 1197 quaeris
420 1117 504 1194 odio,
526 1118 648 1195 misera,
673 1137 761 1200 quem
784 1129 894 1184 statuas
916 1121 1052 1184 modum:

139 1201 254 1265 imitare
275 1220 415 1265 amorem.
460 1202 556 1283 regias
578 1221 674 1282 egone
697 1212 730 1267 ut
751 1205 831 1268 iaces

139 1285 232 1349 inulta
254 1284 371 1367 patiar?
394 1287 495 1366 segnis
516 1288 566 1350 hic
587 1288 641 1350 ibit
662 1287 736 1364 dies,
788 1278 794 1331 J

17 1372 120 1439 Mal
138 1378 221 1434 tanto
243 1372 354 1452 petitus
376 1372 504 1457 ambitu,
527 1381 609 1436 tanto
631 1372 740 1437 datus?

139 1455 210 1518 dum
231 1465 311 1520 terra
332 1454 447 1521 caelum
469 1458 564 1521 media
586 1459 726 1521 libratum
747 1460 823 1523 leret

138 1542 311 1623 nitidusque
333 1551 428 1606 certas
449 1544 580 1606 mundus
602 1544 714 1606 evolvet
734 1545 813 1606 vices

138 1646 343 1709 numerusque
365 1628 485 1691 harenis
507 1628 583 1690 derit
604 1636 634 1692 et
655 1630 748 1691 solem
771 1630 845 1705 dien

138 1720 257 1776 noctem
278 1723 443 1794 sequentur
464 1721 559 1790 astra,
582 1714 652 1778 dnm
675 1715 768 1776 siccas
791 1715 878 1796 polus

136 1798 265 1862 versabit
285 1799 407 1876 Arctos,
428 1799 551 1861 flumina
573 1800 605 1861 in
627 1808 753 1880 pontum
775 1800 891 1878 cadent,

138 1902 302 1964 numquam
323 1902 408 1946 meus
429 1884 556 1948 censahit
576 1885 608 1947 in
631 1902 742 1964 poenas
763 1886 849 1947 luro'r
920 1952 923 1969 ,

137 1979 311 2049 crescetque
332 1987 452 2050 semper
472 2001 513 2015 -
536 1988 612 2050 quae
632 1971 762 2032 l'ernrum
788 1964 964 2047 immanitas,
979 1990 1009 2019 0‘
1063 2000 1099 2023 w
1183 1998 1190 2009 ·

140 2071 215 2135 quae
237 2053 349 2135 Scylla,
372 2073 448 2135 quae
470 2054 630 2135 Charybdis
652 2056 818 2118 Ausonium
841 2074 922 2117 mare

140 2138 333 2220 Siculumque
356 2140 482 2203 sorbens
505 2158 615 2221 quaeve
636 2137 824 2203 anhelantem
847 2158 987 2221 premens

138 2224 244 2286 Titana
265 2224 355 2287 tantis
377 2226 471 2288 Aetna
493 2224 618 2286 fervebit
639 2222 752 2286 minis?

138 2328 201 2371 non
222 2309 344 2390 rapidus
366 2310 477 2384 amnis,
500 2327 561 2371 uon
584 2309 783 2389 procellosum
805 2328 888 2372 mare

137 2394 286 2457 Pontusve
309 2413 379 2457 coro
401 2413 505 2457 saevus
527 2405 578 2457 aut
598 2394 641 2454 vis
663 2393 776 2474 ignium

138 2479 236 2542 adiuta
257 2480 329 2542 datu
351 2479 446 2560 possit
467 2479 576 2541 imitari
597 2478 743 2560 impetum

138 2565 258 2645 irasque
280 2573 411 2627 nostras:
435 2575 564 2629 sternam
587 2573 616 2627 et
639 2573 766 2627 evertam
789 2564 906 2625 omnia?
976 2590 988 2643 f
1085 2634 1106 2647 ‚.

223 2649 336 2712 Timuit
354 2649 514 2714 Creontem
536 2668 570 2712 ac
591 2648 667 2713 bella
688 2649 849 2725 Thessalici
872 2645 1015 2741 duciq‘lss¹
1030 2654 1057 2695 ‘J
1076 2660 1098 2689 2¹
1116 2688 1121 2693 ·
1141 2684 1151 2695 --

60 2802 66 2811 .
117 2754 221 2804 ,amor
242 2729 346 2798 tim'ere
368 2736 518 2798 neminem
541 2753 630 2798 verus
651 2744 759 2816 potest.

138 2822 191 2966 sqd
201 2816 335 2915 Kcesserit
356 2830 476 2884 coactns
498 2826 528 2883 et
548 2821 662 2884 dederit
683 2838 805 2889 manus:

139 2905 220 2968 aire
242 2913 323 2968 certe
344 2916 374 2969 et
396 2902 554 2985 tohiugem
577 2914 708 2968 exucmo
731 2904 844 2985 alloqui

139 2991 277 3054 ser'mone
298 2991 459 3072 potuit'-
478 2991 538 3057 hoo
560 3010 680 3071 quoque
702 2989 837 3052 extimuit
857 2989 959 3064 ierom

137 3071 336 3138 laxate'certe
356 3084 475 3157 tempus
497 3077 618 3139 immitis
639 3078 736 3156 fugae,
771 3096 780 3112 ⁴

139 3164 250 3241 genero
272 3158 379 3229 licebat
387 3194 438 3221 .—
459 3159 560 3223 liberis
581 3178 662 3223 unus
684 3160 746 3222 dies

139 3247 225 3310 datus
246 3253 292 3307 est
313 3243 439 3307 duobus.
483 3264 545 3309 non
567 3264 680 3326 queror
699 3253 818 3325 tempus
840 3241 944 3305 breve:

139 3331 265 3394 multum
288 3328 416 3411 patebit>
453 3330 541 3394 faciet
560 3330 610 3392 hic
631 3330 717 3393 faciet
739 3329 803 3391 dies

139 3417 221 3497 quod
242 3416 345 3480 nullus
366 3434 507 3497 umquam
529 3421 688 3477 taceat-
709 3415 844 3476 invadam
865 3413 937 3476 deos

140 3514 169 3563 et
191 3510 297 3565 cuncta
317 3501 457 3581 quatiam.
522 3519 605 3563 uvrn.
639 3500 751 3582 Recipe
771 3499 926 3562 turbatum
944 3496 1044 3574 malis„
1167 3507 1215 3558 uto

225 3671 280 3723 391-
292 3684 345 3737 quo
361 3669 463 3736 pondus
485 3668 554 3723 istud
570 3669 678 3737 vergeli
701 3667 746 3719 ubi
764 3670 844 3734 ponet
860 3664 942 3717 minas
957 3665 982 3716 A
1052 3665 1102 3717 390
1120 3668 1150 3714 et
1161 3665 1209 3742 {llll

139 3740 302 3789 commutavi
352 3740 402 3792 394
412 3753 440 3791 se
448 3737 530 3804 iungit
538 3736 760 3790 E.-vcteresA
804 3732 1003 3789 398emitareld
1048 3734 1099 3786 408
1116 3731 1211 3783 lonium

139 3820 208 3857 mare
226 3806 251 3857 A
301 3808 352 3859 409
370 3821 487 3874 quaeque
504 3806 529 3856 A
580 3809 631 3860 412
648 3808 795 3874 pontusque
811 3803 836 3854 A
894 3802 944 3854 413
962 3799 1076 3852 inhibere
1090 3800 1211 3866 impetum

140 3872 216 3924 codd.
235 3875 345 3925 consui
395 3878 444 3927 417
458 3875 590 3927 convictus
604 3874 633 3927 A
681 3874 734 3927 418
755 3887 777 3924 e.
796 3871 827 3937 c]
843 3869 977 3937 coniugem
989 3874 1015 3920 et
1030 3868 1055 3919 Ε
1106 3870 1157 3920 422
1173 3872 1214 3920 est

140 3942 235 3991 om.A
304 3941 388 3994 utet.
407 3941 651 4005 d.]dlenlnoiet1d
713 3937 1044 3993 duddeonzeeawm.
1063 3935 1088 3987 Ε
1136 3950 1139 3959 ·
