2652 4486
653 233 773 277 occulta

307 394 372 447 nata
394 384 525 456 Lucreti,
548 393 685 465 stuprum
707 386 784 447 saevi

306 488 390 550 passa
412 469 539 550 tyranni.

306 555 385 616 dedit
407 555 520 617 inlendi
542 555 662 618 sceleris
685 573 795 635 poenas

306 659 375 702 cum
397 640 558 721 Tarquinio
581 639 677 702 Tullia
699 641 840 715 coniunx,

306 744 382 806 quae
404 744 459 806 per
480 727 557 789 caesi
580 725 710 788 membra
732 728 863 806 parentis

306 811 366 890 egit
387 826 489 874 saevos
511 811 600 891 impia
622 829 728 873 currus

307 897 467 977 laceroque
486 896 551 958 seni
574 896 699 958 riolenta
721 915 810 976 rogos

280 990 374 1094 stata
396 982 521 1062 negarit.

308 1068 379 1129 haec
402 1086 522 1148 quoque
545 1067 605 1129 nati
628 1067 725 1129 videre
747 1068 829 1130 netas

308 1153 424 1214 saecula
447 1170 596 1232 magnum,
619 1171 686 1214 cum
709 1153 896 1233 Tyrrhenum

309 1248 371 1298 rate
393 1238 476 1299 l'erali
498 1237 637 1318 princeps
661 1248 774 1318 captam

264 1323 412 1403 giraude
434 1332 588 1404 parentem
609 1322 689 1385 misit
711 1324 742 1386 in
766 1342 886 1404 aequor.

309 1418 472 1488 properant
493 1410 624 1490 placidos
647 1408 782 1489 linquere
805 1421 909 1490 portus

310 1493 383 1555 iussi
405 1505 521 1570 nautae,
544 1504 685 1556 resonant
706 1495 796 1557 remis

311 1580 425 1660 pulsata
448 1580 535 1641 lreta:

310 1665 405 1727 lentur
424 1666 455 1726 in
477 1664 568 1727 altum
591 1664 830 1744 procederetis,

311 1769 387 1830 quae
409 1750 539 1812 resoluto
562 1751 670 1812 robore
692 1749 794 1811 labens

271 1864 277 1871 ‹
312 1853 413 1916 pressa
435 1835 560 1899 dehiscit
581 1835 740 1915 sorbetque
763 1853 852 1897 marc.

312 1920 427 1983 tollitur
449 1922 555 2000 iugens
578 1922 689 1983 clamor
710 1921 746 1981 ad
769 1929 847 1983 astra

312 2025 381 2067 curn
403 2006 530 2069 leminea
554 2006 662 2068 mixtus
685 2006 815 2087 planctu.

313 2110 394 2153 mors
415 2099 483 2154 ante
504 2093 607 2153 oculos
628 2092 690 2153 dira
713 2099 848 2170 vagatum

313 2177 428 2257 quaerit
448 2177 500 2239 leti
522 2176 579 2239 sibi
601 2177 727 2257 quisque
749 2178 864 2257 lugam:

312 2261 361 2324 alii
383 2262 497 2325 lacerae
518 2262 629 2343 poppis
651 2262 758 2325 tabulis

314 2347 436 2410 haerent
457 2348 530 2409 nudi
551 2349 720 2426 fluctusque
742 2359 852 2424 secent,

314 2440 453 2513 repetunt
473 2433 521 2495 alii
544 2432 629 2495 litora
653 2442 772 2508 nantes;
818 2478 820 2481 -
908 2460 911 2467 ⁴

314 2518 424 2581 multos
446 2527 585 2596 mergunt
606 2518 663 2581 lata
686 2518 844 2599 prolundo.

315 2604 423 2667 scindit
446 2612 539 2666 vestes
561 2605 691 2683 Augusta
714 2622 783 2666 suas

315 2689 481 2769 laceratque
503 2707 601 2750 comas
623 2689 698 2768 rigat
719 2701 748 2751 et
770 2689 889 2751 maestis

314 2774 433 2836 fletibus
455 2793 515 2835 ora.

317 2870 473 2940 postquam
495 2879 563 2940 spes
585 2869 630 2922 est
652 2859 732 2921 nulla
754 2859 867 2936 salutis,

316 2945 423 3008 ardens
445 2944 498 3021 ira,
520 2945 576 3008 iam
599 2945 678 3031 ricta⁸
695 2945 793 3007 malis:

317 3031 408 3092 ‘haec'
430 3031 571 3093 exclamat
592 3031 675 3092 ‘mihi
697 3050 752 3111 pro
775 3039 855 3092 tanto

317 3134 441 3177 munere
464 3116 563 3178 reddis
586 3117 724 3197 praemia,
748 3114 837 3177 nate?

318 3202 372 3262 hac
394 3219 470 3277 sum,
493 3202 596 3277 fateor,
619 3202 707 3281 digna
731 3202 839 3274 carina,

318 3305 393 3367 quae
417 3295 445 3348 te
466 3286 567 3366 genui,
590 3305 665 3366 quae
687 3285 740 3347 tibi
762 3286 857 3348 lucem

318 3383 406 3451 atque
429 3371 585 3452 imperium
607 3390 777 3452 nomenque
800 3371 867 3433 dedi

319 3455 449 3519 Caesaris
471 3476 581 3519 amens.
626 3476 712 3518 exere
736 3457 832 3519 vultus

319 3544 486 3606 Acheronte
509 3554 576 3605 tuos
600 3544 764 3624 poenisque
787 3544 859 3604 meis

320 3647 450 3708 pascere,
474 3630 621 3691 coniunx:
1231 3635 1270 3687 att

276 3783 325 3831 305
344 3780 461 3899 tarquino
479 3780 529 3829 HD
598 3784 646 3833 'aot
665 3795 758 3833 saevos
780 3779 833 3846 egit
856 3777 879 3828 L
947 3775 1154 3842 auctoremque
1178 3774 1269 3841 LQT']

191 3847 381 3913 lacerosquet
405 3850 432 3896 Π
446 3849 569 3912 (queem.
587 3848 617 3913 0)
670 3851 721 3900 ‘alo
739 3849 800 3901 hec:
824 3862 853 3899 ec
875 3850 893 3898 i.
916 3861 970 3896 rue.
992 3842 1026 3894 Τ2
1050 3844 1098 3895 hoc
1116 3842 1167 3906 20
1224 3848 1266 3897 3ll

192 3913 287 4030 {caedeque
306 3916 376 4030 ᾖ]
427 3916 474 3966 317
494 3915 607 3980 prolecta
625 3916 702 3969 codd.
715 3915 980 3967 eorrecilAcantim
1037 3914 1085 3964 331
1104 3912 1155 3976 est]
1178 3911 1270 3965 liniet

273 3995 290 4030 u
