2686 4482
128 143 189 207 152
459 162 497 204 nc
519 161 678 204 ruinosam
702 159 874 203 annnorum.

125 319 226 392 putet3
249 308 392 372 ascribam
409 329 484 391 quae
499 311 579 391 epici
592 310 751 390 praebent:
767 310 880 372 Lucan.
896 309 971 383 Vlll,
988 311 1050 374 585
1066 309 1218 371 Cornelia

103 408 201 476 'quae
223 414 239 455 a
261 395 404 474 Pompeio
426 396 516 457 semel
539 397 570 460 in
593 394 744 456 Thessalia
766 395 963 456 abscesserat:

330 565 519 627 distrahimur
539 498 745 626 τιιίεηεῖἷζψω7η
766 498 861 543 omme
882 479 956 542 lam

124 648 364 719 mmm&

584 733 723 794 similiave
743 733 888 795 anahnem

329 816 485 880 caremihi
504 835 614 897 nmper
636 815 717 879 erit?
744 836 903 899 anemonen
925 819 1089 880 doreiuete
1111 816 1218 879 licebit

330 899 518 983 coninmheu?
540 920 699 982 ranmqnnm
718 902 820 982 plenae
837 903 1007 985 piunqemne
1028 903 1066 964 nd
1086 900 1220 964 urnae?

128 1004 241 1067 scilicet
263 1022 337 1084 quae
360 1013 428 1082 post
450 1002 587 1064 Crassum
610 1004 692 1081 luget
713 997 897 1083 Pompeium.
927 1004 989 1065 Vai,
1010 1003 1054 1065 lii.
1076 1003 1138 1078 Vll,
1162 1006 1222 1067 95

130 1090 194 1152 laso
217 1108 283 1152 cum
307 1087 404 1148 Peliae
426 1087 509 1148 iussu
532 1088 747 1167 expeditionem
773 1089 954 1169 susceperit:

331 1208 392 1251 mos
414 1193 493 1250 inam
512 1193 578 1269 poti
597 1209 648 1251 nec
668 1191 762 1252 cedere
784 1192 874 1251 daris.

128 1275 203 1350 vm,
226 1276 287 1339 353
331 1369 413 1439 utque
435 1362 540 1421 iterum
561 1358 721 1433 Aesonides,
744 1362 851 1421 iterum
874 1360 1038 1438 defenditur
1059 1370 1122 1420 arte

329 1462 387 1524 qno
407 1441 501 1506 coleti

128 1530 200 1591 Stat.
224 1528 316 1591 Theb.
343 1528 415 1603 Vlll,
438 1529 500 1592 680
523 1528 658 1607 Tydeus:

331 1632 370 1674 on
391 1623 501 1676 noctem
523 1624 549 1675 et
570 1613 669 1675 solitos
687 1613 780 1692 ploret
801 1623 948 1692 emanere
970 1611 1118 1675 1111111111

127 1715 208 1796 quaed
232 1723 329 1795 potest
351 1732 405 1794 per
426 1715 551 1776 ironiam
574 1713 683 1775 dictum
700 1712 790 1775 videri
807 1714 889 1794 quasi
906 1714 957 1793 qui
973 1713 1064 1776 semel
1083 1715 1222 1777 insidias

128 1801 268 1863 struxerit
289 1799 365 1859 idem
388 1818 506 1879 semper
529 1800 661 1860 facturus
683 1798 730 1859 sit.
775 1798 814 1859 ib.
837 1798 887 1873 Xl,
909 1801 972 1862 615

332 1912 358 1961 et
380 1906 412 1963 in
434 1901 532 1963 onitas
552 1905 662 1962 mentre
684 1921 722 1963 em
743 1917 823 1961 more
840 1911 973 1980 potatos.

129 1986 205 2047 idem
228 1985 259 2046 in
282 1984 363 2047 silvis
384 1985 422 2060 ll,
445 1989 475 2059 7,
501 1988 560 2049 122

388 2149 391 2155 Δ
587 2069 656 2132 solet
676 2068 728 2133 boe
745 2082 845 2151 putere
866 2069 955 2132 limen
994 2142 997 2145 ,

332 2155 371 2216 od
390 2166 495 2235 areptus
516 2155 699 2217 redeuntibus
724 2158 847 2226 moritis,
1178 2224 1181 2229 s

49 2312 53 2317 1
129 2240 240 2319 qnippe
270 2238 349 2318 qnod
372 2238 534 2301 Protesilao
562 2239 700 2320 patuerit.
745 2239 835 2301 Silius
858 2239 958 2300 aridus
980 2247 1066 2319 poeta
1089 2248 1217 2301 tantum

128 2323 192 2400 xtt,
220 2325 280 2387 583

332 2412 471 2469 intratum
493 2407 639 2471 Senonum
661 2413 776 2491 capietis
797 2408 913 2471 milibus
934 2409 1034 2471 urbem

334 2493 534 2574 adsuetumque
555 2499 629 2576 cepi.
682 2496 685 2500 ’

130 2578 259 2655 denique
287 2595 321 2637 ex
350 2576 492 2638 historico
521 2578 639 2657 insigne
669 2580 834 2657 exemplum
862 2577 962 2640 addam
987 2578 1065 2657 qnod
1088 2577 1220 2639 docebit

131 2672 256 2742 quantas
279 2661 464 2724 difficultates
487 2662 569 2723 color
590 2664 645 2725 iste
663 2682 767 2743 parum
791 2663 959 2725 intellectus
975 2664 1085 2725 criticis
1100 2680 1212 2744 parare

67 2827 70 2832 ,
131 2748 235 2828 possit.
272 2746 341 2808 Tac.
357 2746 431 2821 XIV,
454 2747 493 2810 47
516 2751 561 2810 oia
581 2748 735 2828 satyrarum
756 2767 816 2810 non
838 2748 911 2811 elios
932 2748 1058 2810 crebrior
1078 2759 1104 2810 et
1125 2749 1216 2810 eidam

60 2839 64 2846 ’
131 2844 247 2895 eonwtea
261 2837 400 2911 sanquine
415 2833 534 2895 inlustri
546 2852 654 2914 suaper
666 2833 778 2895 Neroni
791 2837 949 2915 ospicium,
972 2833 1022 2896 ubi
1038 2832 1209 2894 Gronovius

34 2966 43 2982 .
130 2937 239 2999 :emper
261 2918 356 2979 eicere
384 2918 491 2992 voluit,
520 2918 568 2980 alii
597 2919 653 2979 alia
683 2919 892 2994 coniecerunt,
921 2917 1053 2980 historici
1077 2916 1149 2978 nihil
1174 2936 1215 2979 se

18 3045 22 3052 ·
131 2999 302 3080 intellegere
330 3002 475 3064 latentur:
505 3003 570 3082 lege
592 3002 727 3065 Sebilleri
757 3003 976 3066 adnotationem
1002 3002 1113 3064 Neron.
1135 3002 1211 3064 bist

131 3108 161 3167 p.
193 3089 252 3151 182
281 3086 350 3151 adn.
381 3088 411 3148 2.
455 3087 575 3168 respicit
604 3098 701 3150 autem
731 3086 850 3149 Tacitus
880 3087 916 3149 ad
945 3106 1038 3148 unum
1069 3094 1212 3153 cometen

133 3171 219 3250 (XIV,
242 3173 306 3247 22),
329 3171 380 3250 qui
402 3172 496 3233 Plauti
520 3171 678 3252 Sullaeque
701 3172 818 3235 erilium
843 3172 1142 3252 praenuntiaverant)

217 3257 290 3317 baec
311 3255 402 3334 igitur
423 3268 452 3318 et
469 3275 544 3335 quae
560 3256 624 3319 eins
640 3259 757 3336 generis
771 3258 848 3320 lacili
864 3257 983 3338 negotio
998 3256 1064 3318 addi
1079 3265 1214 3337 possunt

132 3341 293 3403 ostendunt
307 3341 427 3420 penitus
443 3342 585 3404 Senecam
601 3344 753 3404 rhetorum
768 3342 935 3404 eruditione
946 3342 1092 3403 imbutum
1103 3341 1210 3403 inisse.

132 3445 220 3507 quem
252 3426 338 3488 etiam
366 3427 481 3508 paterni
511 3428 610 3507 operis
638 3427 789 3489 assiduum
818 3438 846 3489 et
872 3426 1042 3506 diligentem
1065 3428 1216 3488 lectorem

220 3613 240 3675 ⁵)
258 3627 307 3663 non
327 3611 467 3678 explicatur
486 3609 589 3664 Tacitus
606 3608 721 3663 Suetonii
745 3611 803 3664 loco
821 3611 880 3665 Ner.
899 3614 933 3665 38
956 3613 1056 3662 annius
1079 3625 1111 3661 ee
1128 3625 1160 3660 re
1176 3617 1214 3662 aet

134 3694 168 3727 en
185 3678 300 3729 Balbillo
325 3679 462 3744 astrologo
485 3679 582 3730 didicit
604 3680 690 3730 solere
710 3695 787 3745 reges
810 3680 877 3732 talia
895 3684 999 3730 natante
1017 3677 1098 3729 caede
1113 3677 1213 3744 1111111

134 3746 244 3797 inlustri
261 3749 372 3812 expiare
389 3753 471 3814 atque
488 3763 505 3798 a
522 3752 604 3799 cernet
619 3751 649 3800 in
666 3750 758 3815 capita
775 3763 917 3814 procerum
935 3747 1074 3814 depellere,
1096 3746 1219 3796 nobile}-

100 3878 103 3883 7
133 3816 200 3863 aimo
218 3817 315 3879 cuique
331 3819 444 3867 exitium
463 3815 614 3868 dutinarit.
649 3830 707 3868 nam
725 3831 775 3868 non
794 3813 859 3868 111111
876 3814 992 3869 Tacitus:
1013 3816 1149 3881 sangnine
1165 3815 1217 3866 in·

134 3879 216 3930 lustri
231 3896 335 3946 semper
351 3885 460 3947 regibus
477 3887 623 3949 copiatum.
