2790 4494
174 211 216 274 60
559 225 586 266 ι.
609 225 714 267 suusne
734 225 861 268 sensere

174 378 349 458 animosque
371 383 493 452 veteres,
516 394 600 438 sume
624 395 699 457 ques
721 395 808 438 cesus
829 377 917 440 dedit.

176 482 213 525 en
237 462 363 535 intuere,
383 461 472 523 turba
495 479 570 542 quse
592 462 684 524 simus
707 480 813 542 super:

174 549 317 624 tumulus,
341 565 425 628 puer,
448 547 576 627 captive:
603 548 768 610 cedendum
790 555 834 609 est
855 547 949 610 maiis.

174 641 290 696 sanctas
313 633 445 714 parentis
467 632 578 695 conditi
600 633 685 695 sedes
707 650 761 710 age

172 719 249 780 sude
272 718 382 780 subire.
427 718 484 778 futu
506 717 532 778 si
553 719 679 780 miseros
701 718 812 794 iuvant,

173 803 265 866 babes
287 804 428 878 salutem3
458 804 514 866 iate
537 803 561 864 si
584 803 671 865 vitam
694 811 813 882 negant,

173 888 264 952 bebes
286 889 488 970 sepulchrum.
553 906 616 949 sse.
660 888 792 949 Claustra
816 887 1005 950 commissum·
1028 895 1150 967 tegunt;

174 993 262 1054 quem
286 995 324 1037 ne
346 983 416 1036 tuus
439 973 583 1053 producat
604 973 635 1034 in
658 970 787 1034 medium
812 975 910 1050 timor,

175 1061 280 1140 procul
301 1060 373 1121 binc
395 1058 499 1120 recede
520 1066 610 1136 teque
632 1059 776 1120 diversam
799 1077 908 1120 emove.

173 1164 259 1207 suun
304 1144 410 1206 Levius
432 1143 507 1205 sclet
529 1143 643 1219 timere,
665 1144 864 1225 qui'propius
886 1145 985 1220 timet;
1202 1155 1251 1207 ms

173 1232 236 1305 sed,
258 1231 283 1291 si
305 1230 418 1310 placet,
433 1228 598 1290 referemus
619 1229 693 1290 hine
711 1229 769 1291 ulio
791 1230 905 1309 peduu

174 1334 237 1378 ssu.
282 1314 397 1377 Cohibe
415 1331 575 1395 parumper
597 1333 649 1376 ure
656 1323 855 1395 questusque
876 1315 1028 1396 opprime:

175 1418 295 1482 gressus
319 1400 461 1461 nefandos
484 1399 778 1498 dux-Cephallanum
801 1400 943 1462 admovet.
972 1396 1017 1470 ch
1029 1379 1129 1455 «ΓΝ

174 1505 259 1549 suun.
304 1484 429 1547 Dehisce
450 1482 663 1564 tenuemque,
686 1487 826 1561 coniunx,
853 1486 957 1548 ultimo
1036 1456 1058 1567 bg

174 1590 267 1653 specu
289 1572 434 1632 revulsam
457 1569 559 1633 scinde
580 1568 717 1632 tellurem
739 1579 768 1633 et
790 1572 887 1650 Stygis

175 1659 243 1719 sinu
265 1656 415 1737 profunde
437 1656 533 1717 conde
555 1656 722 1735 depositum
744 1675 852 1717 meum.

175 1744 258 1805 adest
278 1741 386 1817 Vlixes,
409 1750 438 1803 et
460 1741 579 1821 quidem
601 1740 691 1802 dubio
714 1742 807 1821 gradu

175 1828 335 1907 vultuque:
365 1827 457 1888 nectit
478 1834 599 1907 pectore
621 1836 702 1889 ustus
725 1826 854 1888 milibus.

246 1942 297 2073 Q,
491 1977 627 2040 vuinus

260 2081 357 2143 Durae
379 2079 514 2142 minister
537 2079 626 2142 sortis
647 2080 705 2142 hcc
727 2081 855 2161 primum
878 2090 959 2160 pete,

175 2175 218 2242 ut,
242 2185 294 2228 ore
317 2165 449 2246 quemvis
471 2165 559 2228 verbu
581 2165 718 2227 dicentur
739 2183 816 2241 mec,

175 2271 236 2315 nen
260 2271 326 2314 esse
348 2251 450 2313 credas
473 2258 589 2313 nostru:
620 2249 775 2312 Graiorum
798 2249 931 2313 omnium

175 2355 396 2418 procerumque
418 2354 473 2397 vex
495 2344 549 2410 est,
572 2343 674 2416 petere
697 2354 772 2417 ques
794 2353 875 2397 serus
898 2337 1001 2399 demes

175 2422 319 2485 flecteres
343 2420 462 2483 subules
483 2420 638 2502 probibet:
670 2422 826 2484 henoteta
848 2430 1000 2503 expetunt.

175 2509 300 2571 sullicits
322 2507 439 2569 Densus
460 2505 542 2586 pacis
563 2506 694 2568 incertus
718 2507 790 2568 tides
831 2532 835 2537 ·

175 2611 294 2674 semper
314 2591 437 2666 tenebit,
460 2609 578 2671 semper
600 2609 615 2652 u
637 2602 722 2671 tergo
744 2592 838 2663 timer⁴

174 2679 324 2759 respicere
346 2685 431 2756 coget
452 2694 533 2737 arms
556 2695 613 2737 nec
635 2678 706 2757 puni
728 2678 815 2753 sinet,

175 2764 246 2826 dum
268 2762 435 2844 Phrygibus
457 2761 572 2823 suimus
595 2773 682 2825 uatus
704 2764 813 2837 eversis
835 2763 925 2839 debit,

175 2849 390 2923 Andromache,
412 2857 517 2910 vester.
562 2866 658 2928 augur
678 2847 751 2910 beec
774 2848 895 2911 Calchas
917 2849 1012 2923 cenit3

175 2943 214 3009 et,
237 2936 263 2996 si
285 2941 397 2996 luceret
417 2951 514 3013 eugur
534 2933 608 2995 haec
629 2931 760 3010 Culcbes,
782 2943 882 2996 tamen

175 3019 290 3082 dicebat
311 3018 433 3094 Hector,
456 3018 542 3080 cuius
564 3027 593 3080 et
614 3019 737 3098 stirpem
760 3019 885 3081 horreo:

175 3123 320 3183 generose
342 3105 373 3165 iu
396 3112 480 3165 crtus
502 3104 614 3176 semine
637 3111 785 3184 exurgunt
811 3122 892 3165 suos.

175 3190 218 3252 sic
239 3189 289 3251 ille
311 3190 410 3267 megni
432 3206 540 3270 pervus
562 3190 688 3250 armenti
713 3206 813 3250 cemes

175 3275 339 3357 primisque
361 3275 494 3336 neudum
518 3273 661 3336 cornibus
679 3273 798 3334 findens
819 3280 917 3334 cutem

176 3361 289 3424 cerriee
311 3359 410 3422 subite
434 3360 530 3422 celsus
553 3366 583 3420 et
603 3360 702 3420 fronte
725 3359 835 3420 arduus

176 3465 295 3527 gregem
318 3454 474 3527 paternum
498 3445 634 3506 ducitae
656 3444 757 3525 peccri
780 3444 920 3524 imperet3
995 3454 1001 3531 J

175 3551 251 3611 quae
272 3541 374 3594 tenera
396 3548 481 3593 csesc
503 3529 582 3608 virge
606 3529 642 3590 de
664 3539 771 3593 trunco
794 3528 885 3604 stetit,

175 3636 229 3699 par
251 3617 315 3699 ipse
336 3616 422 3678 metri
444 3624 579 3696 tempore
601 3615 748 3694 exiguus
733 3614 813 3677 subit

261 3766 465 3822 blbmiseruE
517 3767 619 3820 truce
620 3765 794 3834 phsienumg
847 3765 897 3817 520
915 3766 942 3815 et
958 3761 1043 3816 emA
1078 3765 1251 3817 strenuus

175 3851 289 3888 scamas
305 3837 430 3887 inscribet
446 3835 543 3887 Vlixes
560 3782 780 3886 Andromachen
839 3833 890 3886 tus
908 3831 958 3884 buc
974 3834 1001 3897 ς
1010 3856 1046 3871 -
1062 3842 1152 3883 caecus
1171 3826 1203 3883 Ε
1215 3852 1252 3871 -u

175 3908 300 4034 :pepprgm
315 3902 698 4023 h‘gggffltuffld'⁰m⁰⁰h⁰‘
716 3902 798 3953 datur
816 3906 841 3951 et
858 3902 911 3954 634
927 3915 1023 3952 rursm
1034 3896 1147 3951 Vter
1199 3901 1253 3955 534
