2648 4478
171 166 213 228 22
548 181 586 224 un
608 180 710 223 conica
731 179 867 223 nravscc.
977 148 982 159 ³

171 341 242 395 erat.
275 342 306 395 at
327 331 459 412 quamvis
482 331 587 393 crebro
610 331 780 410 ambiguum
802 349 868 393 esse
890 330 927 393 da
948 330 1068 393 Etrusci
1090 329 1273 412 scripturis

169 418 202 480 in
225 417 382 479 novissima
405 416 534 479 editione
556 416 697 477 iudicium
720 416 910 479 meminerint
931 417 984 496 qui
1012 414 1058 477 his
1088 415 1274 493 tragoediis

171 521 291 583 operam
314 502 530 582 impenderint,
559 500 747 565 mirabuntur
769 509 865 573 tamen
888 519 977 582 quam
1001 500 1129 563 instabili
1153 501 1276 562 adhuc

169 587 241 649 artis
263 587 456 650 fundamento
479 587 615 648 standum
637 586 736 647 luerit.

256 672 329 734 haec
352 671 467 733 idoneis
496 672 637 751 exemplis
665 669 885 751 comprobaturi
912 687 972 732 non
996 669 1127 748 graviora
1149 668 1270 749 primo

170 757 237 818 loco
259 757 435 835 largiemur,
457 757 509 818 sed
532 776 548 818 e
571 756 697 834 singulis
717 755 878 834 tragoediis
898 754 1042 834 quaedam
1064 773 1120 817 suo
1142 753 1269 815 ordine

171 858 394 922 componemus.
438 841 538 921 itaquo
567 852 601 903 ut
627 859 718 921 supra
749 841 785 901 ab
807 838 936 901 Hercule
957 838 1074 901 initium
1097 839 1270 918 capiemus

170 945 260 1007 quam
296 946 364 989 curn
402 926 614 1006 interpolatore
650 920 708 989 ἐπὶ
737 917 900 1006 διακρίσει
915 917 1063 1008 θᾶτέρου
1099 925 1267 986 furentem
1300 940 1303 945 ·

170 1029 426 1089 cognominamus.

212 1128 260 1190 lll.
285 1131 325 1193 52
347 1133 477 1191 cinctum
498 1128 525 1189 Ε
545 1146 612 1189 cum
636 1128 659 1190 l
680 1121 812 1210 (uictum
834 1121 889 1204 e').

256 1232 316 1294 277
340 1231 453 1311 fertque
474 1248 544 1311 pune
564 1229 634 1310 fieri
654 1232 763 1308 vernol)
785 1229 813 1291 ll
833 1247 899 1291 cum
923 1230 947 1291 l
968 1220 1071 1312 (ferri
1092 1218 1148 1307 ε’).

256 1334 318 1398 288
340 1331 465 1411 fulmini
484 1349 622 1412 pedereus
636 1335 691 1393 iter
705 1331 744 1406 133
768 1331 926 1412 flumino‘d
942 1339 1039 1394 recte:
1062 1330 1187 1408 Petere,
1206 1332 1264 1411 qui

170 1421 300 1500 pnt'erens
322 1425 432 1490 euolat,
454 1435 472 1478 a
494 1416 608 1478 litterae
630 1421 643 1477 i
663 1416 767 1478 similis
789 1416 885 1478 lraudi
907 1415 973 1479 luit.
1017 1416 1061 1478 sic
1084 1415 1160 1477 Oed.
1195 1419 1261 1481 177

169 1508 299 1580 maiora,
324 1522 385 1563 non
406 1505 516 1564 maiori
534 1501 574 1576 E3
604 1500 716 1564 Phoen.
741 1502 804 1565 276
827 1503 965 1579 (armauit
987 1500 1074 1576 olins)
1096 1521 1187 1564 orrno
1213 1505 1263 1564 oi·

170 1588 251 1651 tubus
271 1587 306 1662 B,
328 1605 389 1648 non
413 1589 539 1650 armauit
559 1587 634 1660 ollis,
657 1595 691 1648 ut
712 1587 826 1649 rettulit
847 1587 870 1649 l.
893 1586 1070 1649 Gronovius.

257 1675 317 1738 731
342 1673 482 1754 quioquid,
505 1691 566 1733 non
588 1676 709 1754 perloqui.

259 1759 339 1822 1083
363 1759 520 1827 deuictum,
548 1776 609 1818 non
633 1758 795 1819 devinctum
821 1756 900 1837 quod
923 1765 1047 1818 testatur
1069 1755 1256 1818 Gronovius.

258 1844 340 1906 1204
362 1845 425 1922 peis
442 1844 539 1922 potnit
560 1861 661 1904 cronon
681 1844 793 1922 flectere
814 1853 866 1907 ont
887 1861 958 1924 poue
981 1844 1097 1904 dentem

362 1931 482 1988 sinuare
503 1945 624 1988 mavum
645 1931 698 1988 olor
719 1929 891 1990 recedentem
912 1924 1007 1989 milri?

170 2012 214 2075 sic
236 2011 269 2074 l.
305 2029 408 2073 anuos
429 2010 456 2070 E
476 2010 556 2089 quod
578 2021 658 2074 recte
680 2011 805 2074 relatum
828 2020 882 2074 est.
919 2020 1071 2093 praeterea
1087 2010 1169 2092 apud
1185 2010 1257 2073 Pei-

169 2116 276 2180 perum
304 2096 429 2175 legitur:
456 2087 504 2158 ‘uo'
529 2097 641 2159 cedente
669 2097 744 2160 mitt
762 2088 813 2159 ll’.
858 2098 916 2158 hcc
947 2115 1008 2158 non
1030 2106 1129 2178 polest
1150 2095 1256 2158 Peteri
1315 2102 1316 2191 l

169 2182 372 2245 testimonium
394 2196 475 2255 esse3
499 2189 544 2242 est
559 2179 699 2243 Gronovii
716 2181 766 2262 qui
782 2181 821 2244 ita
837 2182 983 2262 loquitur:
1004 2173 1069 2243 ‘sed
1090 2182 1160 2244 dein
1177 2182 1256 2245 liber

170 2268 301 2349 optimus
323 2277 374 2328 out
395 2285 466 2347 pune
487 2266 605 2329 deutera
625 2271 744 2329 sinuare
764 2285 867 2330 amoos
889 2271 920 2329 ui
940 2268 1049 2330 cedente
1066 2267 1149 2330 ouidi.
1182 2268 1256 2329 hino
1314 2328 1315 2331 ,

170 2352 237 2414 illae
259 2350 412 2414 varietates
434 2350 511 2430 apud
527 2349 674 2413 llclrium:
698 2360 732 2414 ut
754 2353 834 2414 euim
858 2351 985 2433 quisque
1007 2371 1102 2413 novus
1124 2351 1255 2414 accessit
1314 2332 1315 2405 1

169 2437 319 2512 librarius,
337 2434 430 2498 voluit
452 2435 601 2514 complere
615 2430 753 2513 versuru';
767 2437 903 2517 sequitur
914 2437 1158 2517 interpolatarum
1178 2455 1254 2518 qua·
1314 2408 1315 2497 1

170 2522 296 2584 rundam
313 2521 527 2600 scripturarum
542 2539 695 2583 recensus.
726 2523 810 2584 dein:
830 2514 890 2584 ‘vix
912 2532 1010 2584 tamen
1032 2523 1147 2584 ridetur
1170 2522 1252 2585 aliud

170 2606 286 2669 restitui
308 2624 396 2687 posse
419 2624 508 2685 quam
530 2606 610 2684 quod
632 2616 785 2688 receptum
808 2601 878 2677 estf.
915 2619 944 2669 at
962 2606 1156 2670 coniecerunt
1180 2606 1252 2669 inde

169 2692 294 2755 Bothius
321 2696 398 2753 iusto
426 2692 582 2766 cedentem,
605 2690 761 2756 Withollus
786 2711 879 2774 poene
907 2691 1076 2769 lunonem,
1103 2692 1250 2773 Peiperus

169 2782 263 2841 incito
284 2778 438 2851 onmem,
469 2776 598 2855 denique
621 2795 719 2856 nuper
741 2777 889 2840 lladvicus
910 2797 1014 2840 nuces
1034 2781 1090 2840 rite
1111 2779 1250 2841 cedentes.

169 2870 214 2924 tot
241 2880 310 2925 vero
338 2871 547 2942 tantorumque
573 2861 760 2924 moliminum
775 2862 921 2924 Etruscus
941 2863 1015 2924 nihil
1036 2862 1067 2924 in
1090 2883 1121 2925 se
1143 2863 1251 2944 culpae
1312 2914 1313 2939 .

168 2947 286 3028 recipit.
330 2947 382 3027 qui
409 2947 531 3008 totidem
559 2946 665 3009 litteris
694 2958 842 3010 exaratum
871 2948 962 3010 relert
990 2952 1044 3010 oin
1064 2949 1248 3013 commutem.
1312 2974 1313 3021 l

172 3051 243 3110 ergo
266 3032 346 3111 quod
368 3031 518 3093 sincerum
541 3039 585 3092 est
600 3051 633 3093 ac
648 3050 717 3094 vero
732 3034 900 3113 proximum
918 3067 956 3077 -
973 3052 1041 3094 nam
1057 3033 1249 3096 scribendum
1312 3024 1313 3107 1

168 3115 285 3177 videtur
306 3134 409 3178 amoos
429 3120 483 3178 oin
503 3117 658 3178 recedentes
679 3116 754 3179 noller·
776 3151 813 3161 -
838 3117 1077 3180 coniecturarum
1100 3119 1181 3181 nube
1204 3117 1248 3179 ol·

168 3202 315 3263 fuscatum
345 3210 389 3262 est
417 3208 541 3281 propter
569 3199 710 3263 Gronovii
738 3213 956 3280 commentum,
985 3204 1070 3266 cuius
1100 3204 1248 3284 originem

170 3285 307 3367 equidem
329 3284 476 3347 hocloco
498 3294 639 3365 exputare
662 3307 724 3349 non
747 3306 879 3369 possum.

257 3373 338 3434 1220
367 3374 528 3451 enprirnent
549 3370 663 3434 E¹eum
686 3372 718 3434 l.
763 3377 934 3454 conprimunt
961 3373 1076 3435 videtur
1104 3370 1243 3436 Scriverii

170 3475 327 3536 operarum
350 3455 446 3518 errori
468 3455 577 3518 deberi.
1035 3526 1041 3535 .

257 3544 339 3609 1306
566 3560 624 3603 ecee
644 3561 731 3623 cuum
751 3546 890 3605 miserum
911 3554 989 3606 nuto

304 3670 311 3699 i
361 3644 410 3690 cor
426 3623 552 3706 palpitat
569 3637 719 3710 pectusque
739 3627 893 3692 sollicitum
913 3631 985 3708 ferit

169 3712 213 3773 sio
233 3713 397 3775 rectissime
413 3709 579 3772 Gronovius
602 3713 780 3789 emendavit3
803 3713 913 3775 nollem
934 3723 1032 3776 tamen
1056 3712 1150 3795 codici
1174 3730 1243 3774 con·

256 3912 277 3980 ⁷)
294 3911 368 3964 Ovid.
385 3912 445 3967 last.
464 3913 506 3980 Vl,
523 3917 573 3968 762
589 3921 745 3983 propterte
762 3914 826 3978 fieri
843 3914 1007 3981 quodnetot
1023 3917 1080 3982 ipss
1096 3913 1173 3976 facit.

530 4064 539 4093 l
