2720 4488
591 205 723 251 PHARDRA

204 355 266 418 Nec
288 373 335 418 me
357 355 442 435 fugit,
466 374 553 436 qoam
576 356 669 420 durus
692 358 803 420 otveri
825 360 958 429 insoleus

115 443 155 506 ad
178 450 258 503 recta
279 441 358 503 flecti
381 441 481 520 regius
503 440 579 503 nolit
600 449 709 503 tumor.
867 445 875 456 '

116 524 343 608 quemcumque
362 526 476 588 dederit
498 524 607 589 exitum
629 530 716 589 casus
737 529 846 593 feram:

115 614 227 676 fortem
249 611 319 673 lacit
340 610 435 674 vicina
457 611 577 673 libertas
599 630 710 674 senem.

125 684 170 755 fi·
204 697 336 759 Honesta
358 696 488 777 primum
511 705 555 758 est
576 696 649 759 velle
671 716 727 759 nec
747 696 805 760 labi
827 698 882 775 uia,
978 752 980 757 .

118 782 218 864 pudor
241 791 286 844 est
307 780 458 845 secundus
481 800 570 843 nosse
592 783 735 862 peccandi
758 783 889 849 modum.
909 834 920 878 l

117 887 192 948 quo,
214 868 330 943 misera,
353 863 478 948 pergis?
501 866 573 947 quid
595 867 715 929 domum
738 868 879 933 infamem
900 888 1040 950 aggravas

117 971 304 1034 superasque
326 948 472 1013 matrem?
494 953 590 1014 maius
612 960 657 1014 est
678 962 814 1017 monstro
837 956 935 1019 melas:

117 1056 189 1105 nam
210 1044 344 1099 monstra
366 1038 436 1114 lato,
458 1036 593 1118 morilms
614 1038 727 1100 scelera
748 1040 886 1120 imputes.

118 1124 155 1200 si,
179 1122 259 1203 quod
282 1122 405 1184 maritus
428 1140 535 1202 supera
558 1141 619 1187 non
643 1122 740 1184 cernit
762 1123 836 1201 loca,

117 1217 218 1271 tulum
240 1225 305 1270 esse
326 1207 442 1269 lacinus
465 1206 562 1269 credis
584 1216 614 1269 et
634 1226 758 1271 vacuum
781 1221 872 1286 metu,

29 1330 41 1351 .
118 1311 216 1368 erras3
240 1292 337 1354 teneri
359 1293 446 1365 crede
467 1292 596 1371 Lethaeo
617 1292 748 1359 abditum
1033 1290 1042 1311 ⁸

117 1378 233 1440 Thesea
255 1378 405 1458 profundo
428 1388 458 1438 et
478 1378 557 1439 serre
579 1386 752 1458 perpetuam
775 1302 879 1459 Styga:

118 1463 191 1543 quid
213 1463 273 1538 ille,
295 1462 354 1524 lato
376 1462 466 1524 maria
489 1462 541 1541 qui
564 1481 657 1542 regno
679 1465 790 1544 premit
930 1496 932 1499 ·

118 1547 300 1628 populisque
321 1547 418 1609 reddit
440 1547 504 1611 iura
528 1548 671 1624 centenis,
694 1545 799 1629 pater?

118 1633 211 1694 latere
233 1641 348 1696 tantum
371 1633 486 1695 lacinus
509 1633 658 1697 occultum
681 1632 780 1694 siuet?

119 1736 207 1797 sagax
229 1728 386 1797 parentum
409 1725 454 1779 est
476 1735 556 1779 cura.
602 1719 756 1783 credamus
777 1729 875 1781 tamen

120 1812 184 1864 astu
208 1803 336 1885 doloque
358 1812 458 1882 tegere
481 1821 537 1864 nos
557 1810 672 1883 tantum
694 1804 793 1867 nelos:

89 1919 93 1925 =
120 1888 191 1968 quid
215 1888 263 1949 ille
286 1887 374 1948 rebus
396 1888 497 1950 lumen
520 1887 682 1953 infundens
703 1907 790 1959 suum

119 1972 222 2034 matris
243 1970 375 2053 parens?
397 1972 468 2052 quid
491 1973 540 2035 ille
562 1972 614 2053 qui
635 1973 780 2037 mundum
803 1974 921 2065 quatit?

118 2057 236 2119 vibrans
259 2075 382 2124 corusca
403 2057 517 2141 fulmen
541 2059 704 2135 Aetnaeum
725 2059 865 2145 mannil
921 2055 949 2067 “’

7 2151 199 2233 λψῆυψεεῑοτ
220 2140 367 2205 deorum?
386 2143 484 2219 credis
506 2140 564 2203 hoc
587 2161 674 2222 posse
697 2143 785 2221 ellici,
834 2070 1025 2274 m

33 2225 36 2230 ’
116 2228 196 2290 inter
216 2228 349 2289 videntes
373 2224 527 2309 omniomi
548 2228 637 2299 lateas,
658 2225 749 2295 avos?

32 2306 36 2319 '
118 2313 169 2375 sed
192 2320 226 2375 ut
246 2313 397 2377 secundus
419 2312 576 2381 numinum
599 2313 761 2381 abscondat
782 2314 863 2379 lavor
886 2329 1006 2377 enatos
1019 2346 1065 2373 ns

118 2397 214 2460 coitus
236 2398 380 2460 nefandos
402 2406 495 2477 utque
518 2398 671 2477 condirgat
691 2408 796 2479 stupro
830 2419 929 2493 ’vv-Q
954 2406 1069 2457 ut
1146 2411 1190 2467 me

118 2490 222 2561 negata
244 2483 358 2562 magnis
380 2482 542 2544 sceleribus
564 2502 682 2563 semper
703 2484 791 2551 fides:
826 2488 1074 2555 m.el1'r,‚„„w

119 2567 189 2645 qnid
212 2586 307 2647 poena
329 2585 470 2648 praesens
493 2568 631 2630 conscius
652 2569 762 2635 mentis
784 2588 874 2648 pavor

2 2652 5 2665 '
119 2651 294 2732 animusque
316 2653 402 2732 culpa
424 2653 533 2731 plenus
556 2662 585 2714 et
606 2664 700 2719 semet
720 2652 850 2725 timens?

118 2736 215 2805 scelus
237 2737 334 2816 aliqua
356 2746 463 2814 tutum,
487 2736 567 2799 nulla
593 2756 732 2803 securum
755 2738 832 2813 tulit

118 2841 274 2902 compesce
295 2823 404 2905 amoris
425 2822 509 2904 impii
530 2823 672 2897 flammas,
694 2841 811 2902 precor,

119 2907 259 2987 nefasque
282 2908 360 2987 quod
384 2926 445 2970 non
467 2906 527 2968 nlla
548 2908 636 2979 tellus
657 2907 779 2971 barbara

119 2993 264 3053 commisit
285 3010 436 3072 nmquam,
460 3011 521 3075 non
544 2994 608 3072 uagi
631 2993 741 3075 campis
764 2993 852 3069 Getae

120 3095 174 3139 nec
197 3076 383 3158 inhospitalis
405 3077 522 3139 Taurus
544 3090 595 3141 aut
617 3096 737 3157 sparsus
760 3078 899 3157 Scptlrss5

119 3161 230 3246 capelle
252 3162 368 3224 lacinus
390 3172 489 3224 mente
512 3163 637 3225 castifica
659 3163 811 3231 horridum

119 3265 291 3328 memorque
312 3248 414 3310 matris
436 3257 537 3309 metue
559 3248 736 3313 concubitus
759 3266 861 3313 noves.
1148 3260 1191 3311 lto

7 3344 10 3350 ’
120 3332 242 3394 miscere
263 3331 407 3394 thalamos
428 3333 521 3413 patris
543 3343 573 3395 et
594 3332 653 3397 nati
677 3351 802 3412 apparas
983 3374 987 3379 -

127 3467 318 3481 -ῌ-

207 3537 262 3588 138.
282 3537 330 3588 139
348 3532 421 3583 Pltue
440 3549 488 3583 roa
505 3538 569 3585 runt
585 3533 636 3584 ΕΑ
654 3549 723 3585 corr.
742 3537 761 3598 ς
779 3534 877 3597 (Delrii
893 3533 1079 3599 Mogentiana)
1142 3536 1190 3586 140

422 3531 441 3582 d

120 3613 169 3671 pon
181 3600 231 3665 ista
243 3617 280 3675 pr.
289 3603 315 3654 Ε
326 3604 448 3657 corrosit
458 3600 493 3653 N.
503 3602 627 3653 Heinsius
640 3601 687 3665 (os.
698 3601 824 3666 Gronov.)
843 3602 943 3655 obstare
961 3615 998 3668 pr.
1013 3600 1037 3657 A
1073 3603 1121 3663 142
1136 3616 1190 3668 gre·

119 3670 222 3805 {tit
239 3669 608 3809 oliplslldillldla‘a
625 3670 783 3802 ittam
796 3670 1191 3801 tlttt‘tff‘ldrlttld

136 3811 239 3874 prpetuo
257 3807 283 3859 iu
301 3807 331 3859 M
347 3811 373 3861 et
389 3806 455 3858 ferre
472 3810 638 3885 perpetuam:
653 3821 679 3858 m
696 3805 758 3859 2m.
776 3809 795 3858 i.
813 3824 870 3885 rue..
885 3805 924 3871 Ν)
995 3809 1043 3859 155
1098 3805 1123 3856 id
1147 3805 1191 3858 ille

118 3822 193 4005 (gicht)
246 3877 295 3930 162
314 3874 431 4008 efficias
449 3877 570 3941 noctus&
624 3876 670 3928 167
689 3889 771 3941 vagas
789 3888 886 3942 campus
904 3873 965 3926 Geta
980 3873 1005 3925 A
1051 3876 1190 3941 liquata

128 3958 172 4009 gna
187 3959 203 3996 o
220 3961 255 4000 m.
274 3959 326 3996 rec.
