2720 4488
179 221 239 281 140
559 240 590 284 L.
614 240 718 283 auunur
741 241 867 283 sunnone

177 399 323 467 uteroque
345 389 460 468 prolem
483 408 588 470 capere
611 392 764 451 confusam
787 388 901 470 impio?

177 491 269 554 perge
292 482 321 534 et
343 474 478 536 nefandis
499 484 580 536 verte
603 484 737 537 naturam
760 476 880 556 ignibus
903 511 944 520 —

177 576 232 619 cur
253 566 385 622 monstra
407 557 549 622 cessant?
571 560 637 621 aula
659 578 714 622 cur
729 561 834 621 'fratris
855 551 1063 630 vacatlffl

177 643 311 723 prodigia
332 643 442 705 totiens
465 645 545 706 orbis
567 646 682 707 insueta
707 645 814 720 audiet,

177 736 282 790 natura
304 730 414 791 totiens
436 730 552 809 legibus
573 731 657 791 cedet
678 731 751 804 suis,

178 814 316 894 quotiens
338 814 445 876 amabit
469 813 594 876 Cressa?
638 834 683 876 nn.
728 814 809 886 Quae
831 833 977 877 memoras
999 815 1060 876 scio

176 917 244 960 vera
267 917 342 972 esse,
365 900 481 972 nulri13
505 900 557 960 sed
578 900 663 963 iuror
685 902 764 979 cogit
786 902 870 980 sequi

177 985 288 1063 peiora.
331 985 410 1045 vadit
431 985 548 1046 animus
569 985 600 1046 in
624 1004 768 1065 praeceps
790 986 888 1047 sciens

176 1077 346 1153 remeatque
369 1070 476 1139 lrustra
499 1088 570 1132 sana
592 1071 714 1132 consilia
738 1080 892 1150 appetens.

151 1174 154 1179 ·
177 1154 221 1215 sic
243 1170 311 1215 cum
334 1162 478 1231 gravatam
502 1155 597 1216 navita
619 1153 738 1217 aldversa
760 1164 853 1217 ratem

177 1238 428 1319 propellitunda,
453 1239 531 1301 cedit
553 1240 584 1302 in
606 1258 714 1302 vanum
737 1240 820 1301 labor
920 1287 924 1297 .

178 1333 208 1385 et
228 1326 303 1384 vieta
325 1343 421 1404 prono
444 1326 555 1405 puppis
576 1326 710 1387 aufertur
731 1327 814 1387 vado.
837 1284 983 1449 Ἣ

177 1408 248 1488 quid
270 1409 345 1470 ratio
367 1407 485 1489 possit?
506 1411 577 1472 vicit
597 1421 758 1489 acregnat
779 1408 871 1471 luror'

176 1503 344 1574 potensque
366 1502 426 1555 tota
448 1502 548 1556 mente
570 1496 739 1558 dominatur
764 1496 847 1557 deus.
1042 1562 1051 1579 g

176 1579 227 1640 bic
248 1579 368 1640 volucer
390 1579 471 1641 omui
493 1581 586 1660 ppllet
606 1582 638 1641 in
661 1589 738 1642 terra
761 1582 910 1661 impotens
927 1578 960 1646 'it
979 1608 1050 1637 l*
1066 1578 1098 1653 ³⁴2

177 1663 350 1743 laesumque
371 1664 496 1726 dammis
517 1674 612 1728 torret
632 1666 784 1727 indomitis
806 1667 919 1740 lovem3
959 1688 962 1697 ¹
1031 1676 1041 1721 ἃ

118 1821 129 1835 θ
179 1750 322 1811 Gradivus
344 1749 414 1811 istas
435 1749 559 1829 belliger
580 1752 673 1812 sensit
695 1751 783 1826 laceS,

97 1835 276 1915 ¹rctopilex
299 1834 413 1895 trisulci
436 1834 567 1896 fulminis
590 1836 683 1897 sensit
705 1836 788 1910 deus,

46 1994 49 2001 1
179 1928 207 1981 et
230 1920 281 1999 qui
303 1920 436 1981 furentes
457 1939 575 2000 semper
597 1921 733 1983 Aetnaeis
756 1921 834 2000 iugis

33 2053 37 2060 .
68 2036 91 2049 1»
120 2028 126 2047 r
161 2011 274 2065 'versat
296 2004 428 2083 caminos
450 2006 519 2084 igne
543 2014 599 2066 tam
621 2024 711 2085 parvo
735 2005 824 2084 calet3
1030 2061 1033 2069 .

87 2144 89 2153 ,
179 2089 338 2169 ipsumque
359 2089 522 2165 Phoebum,
545 2091 602 2151 tela
625 2091 676 2170 qui
699 2109 789 2152 nervo
811 2092 897 2173 regit,
907 2072 1073 2147 lumbam

178 2175 242 2252 figit
263 2175 366 2252 sagitta
389 2174 498 2236 certior
519 2176 607 2237 missa
629 2194 706 2255 puer
773 2218 776 2225 »
1046 2148 1094 2262 sl,

177 2259 337 2338 volitatque
359 2260 440 2336 caelo
463 2260 574 2340 pariter
596 2269 624 2321 et
645 2262 733 2323 terris
756 2262 860 2340 gravis,
880 2260 1074 2324 mmo

177 2363 261 2405 uvrn.
305 2345 398 2406 [lcum
422 2363 487 2406 esse
509 2363 639 2407 amorem
661 2346 758 2425 turpis
782 2354 811 2408 et
831 2347 901 2408 vitio
924 2346 1028 2407 lurens
1076 2282 1125 2421 h&

177 2430 262 2490 linxit
283 2429 385 2504 libido,
408 2447 528 2509 quoque
551 2430 672 2491 liberior
695 2431 771 2493 loret

178 2514 297 2575 titulum
320 2515 414 2575 furori
437 2515 569 2576 numinis
591 2516 657 2577 lalsi
681 2517 799 2578 addidit.

179 2608 279 2660 natum
303 2618 358 2679 per
380 2618 484 2660 omnes
506 2600 619 2661 scilicet
640 2610 735 2662 terras
756 2620 862 2681 vagum

178 2684 305 2764 Erycina
326 2684 426 2756 mittit,
449 2684 498 2745 ille
519 2704 575 2765 per
593 2687 710 2748 caelum
731 2687 833 2749 volans

178 2778 313 2849 proterva
335 2780 436 2830 tenera
459 2769 515 2831 tela
537 2771 660 2837 molitur
681 2790 770 2834 manu

178 2872 365 2934 regnumque
387 2862 502 2916 tautum
525 2856 668 2917 minimus
690 2877 706 2917 e
730 2858 847 2936 superis
868 2855 971 2919 habet:

177 2958 251 3000 vana
273 2940 328 3001 ista
351 2940 473 3001 demens
494 2941 611 3002 animus
633 2943 734 3004 ascivit
755 2942 810 3003 sibi

178 3023 360 3104 Venerisque
382 3043 494 3086 numen
516 3025 602 3088 duxit
624 3034 712 3109 atque
738 3045 824 3099 arcus
847 3027 922 3087 dei.‘

179 3109 315 3188 quisquis
338 3109 477 3170 secundis
499 3109 588 3170 rebus
612 3113 719 3172 exultat
741 3113 828 3172 nimis
853 3132 869 3142 >·
912 3135 914 3138 ’

179 3194 303 3273 lluitque
325 3194 407 3267 luxu,
430 3213 549 3275 semper
571 3195 688 3256 insolita
711 3196 832 3277 appetit.

178 3288 251 3340 tuuc
273 3279 322 3339 illa
344 3297 468 3358 magnae
490 3280 552 3340 dira
573 3281 711 3341 fortunae
733 3296 833 3342 comes

178 3365 258 3426 subit
279 3364 386 3425 libido:
410 3382 471 3424 non
494 3365 612 3444 placent
634 3374 735 3427 suetae
757 3366 856 3446 dapes,
920 3360 922 3363 ’

179 3469 240 3511 nou
264 3457 339 3513 lecta
362 3449 424 3509 sani
447 3450 539 3510 moris
561 3459 611 3511 aut
632 3451 696 3511 vilis
718 3452 856 3532 scyphus.
866 3452 929 3555 adq

265 3639 314 3688 114
337 3634 417 3702 patris
440 3634 465 3685 Ε
553 3637 600 3688 tul
618 3635 688 3704 quod
711 3637 775 3688 ratio
798 3636 883 3702 poscit
904 3634 985 3686 vincit
1002 3634 1028 3684 A
1113 3632 1161 3687 186
1184 3633 1251 3684 omni

178 3709 268 3771 regnat
286 3704 318 3754 A.
336 3731 371 3742 -
388 3707 482 3784 potens
500 3703 577 3754 codd.
595 3709 716 3755 correoeit
733 3704 767 3758 Ν,
785 3705 909 3755 Heinsius
921 3708 923 3712 “
934 3703 994 3756 odo.
1011 3718 1038 3769 p.
1056 3699 1091 3754 62
1150 3703 1196 3755 lav
1215 3701 1251 3769 ip·

178 3787 285 3840 sumque
303 3771 412 3822 flammis
423 3772 448 3821 A
517 3774 567 3824 180
585 3772 693 3825 trisulci:
712 3789 725 3824 s
743 3773 803 3824 eof
820 3771 843 3822 Ε
913 3773 961 3824 190
980 3771 1086 3823 furentis
1104 3770 1129 3821 E
1205 3770 1251 3823 104

177 3842 298 3903 ὶεηεος
376 3842 423 3893 195
447 3840 515 3906 turpi
539 3842 623 3907 (turpe
647 3838 805 3904 Scriverius)
831 3839 936 3892 servitio
959 3839 1049 3891 favens
1067 3839 1092 3889 A
1160 3839 1207 3890 201
1225 3838 1251 3889 in

151 3938 153 3941 v
178 3907 349 4023 supepisBAth·
388 3910 437 3960 205
456 3911 580 3976 appetens
598 3908 624 3958 A
685 3909 750 3976 {208
768 3909 828 3962 vilis
845 3908 918 3960 cibus
936 3907 961 3959 A
978 3908 1047 3960 ullus
1065 3907 1136 3959 cibus
1153 3905 1179 3957 Ε
1196 3920 1251 3956 eor·

178 3989 238 4022 reue
292 3989 306 4022 o
338 3989 380 4023 eus
