2776 4476
558 260 560 263 ·
593 249 756 297 ‚intonare
1145 233 1208 296 tot

219 400 271 461 sed
293 399 377 461 loeus
397 417 488 478 qnem
510 399 694 461 tractandum
724 399 870 480 proposui
895 420 956 462 non
980 399 1073 462 tribus
1095 410 1209 463 tanturn
1252 459 1255 465 ,
1314 422 1318 427 ·

130 485 268 548 versibus
290 485 347 545 illis
370 504 387 546 a
407 492 523 547 vetusto
544 484 756 564 interpolatore
770 494 882 549 ›auotus
911 494 965 547 est.
1011 486 1124 548 soilieet
1145 504 1209 548 ver·

134 589 202 635 sum
227 572 308 635 1⁰16
339 654 534 734 tumidamque
554 666 680 719 monstro
695 657 818 736 ‚pelope
840 659 872 720 in
894 640 985 718 terras
1006 661 1067 718 ruit

133 757 270 837 spurium
293 773 442 819 essenon
465 754 564 817 mines
586 756 675 819 vertis
697 756 862 818 rationibus
883 757 977 820 evinci
993 765 1100 837 potest.
1138 777 1210 839 qua·

134 859 202 903 rum
224 841 318 921 prima
342 850 387 901 est
408 840 488 919 quod
510 841 682 921 postnerba
700 841 754 903 ista
769 842 827 903 disi
844 841 1042 922 nequit‘quod
1057 841 1213 923 sequitur?
1260 874 1264 877 *

338 960 389 1003 nec
409 945 465 1002 isto
486 941 597 1004 ratibor
619 954 700 1005 tanta
722 948 899 1007 construitur
921 943 988 1015 lues,

340 1030 424 1088 terris
444 1029 583 1099 minator,

134 1111 275 1172 nimirum
296 1128 373 1189 quae
395 1112 556 1172 interram
579 1112 635 1173 iam
662 1112 797 1181 inruerit.
842 1113 947 1175 deinde
969 1112 1094 1175 monstri
1116 1113 1211 1193 prima

135 1195 246 1258 mentio
269 1197 302 1257 fit
322 1214 348 1257 r.
374 1197 455 1259 1019

592 1285 683 1343 tresdo
706 1283 774 1362 quid
794 1294 910 1345 onerato
932 1285 999 1344 sion

337 1369 436 1444 praeis
457 1367 536 1427 anda
554 1374 662 1445 portat,

133 1465 215 1546 quod
237 1466 371 1545 ineptum
394 1475 472 1527 esset
488 1467 514 1527 si
529 1466 586 1527 iam
599 1459 746 1530 ‘monstro
761 1467 905 1530 tumidum
923 1462 1051 1547 pelagus'
1068 1468 1098 1530 in
1116 1478 1212 1531 terras
1324 1512 1335 1527 t

133 1551 254 1613 ruisset.
290 1551 350 1612 lues
371 1562 467 1613 autem
491 1569 567 1630 quae
589 1571 649 1614 non
673 1551 786 1613 ratibus
803 1553 855 1614 sed
870 1562 967 1614 terrae
982 1552 1086 1613 minari
1103 1554 1211 1614 dieitur

134 1638 242 1716 ingens
272 1644 430 1716 tempestas
459 1644 504 1697 est
525 1652 552 1696 v.
579 1640 659 1700 1007
682 1655 727 1717 sq.
751 1637 906 1717 descripta.
952 1637 1081 1716 deniqne
1103 1647 1211 1700 terram

133 1721 281 1784 ductibus>
297 1721 391 1781 invadi
414 1720 624 1800 descriptionis
638 1740 752 1783 summa
771 1732 815 1783 est
831 1723 861 1783 in
878 1741 935 1802 qua
950 1723 1061 1798 finitur,
1083 1742 1110 1784 r.
1130 1725 1210 1787 1032

593 1822 675 1885 litori
695 1826 806 1885 inveott
826 1823 936 1886 molum

338 1910 433 1968 motos
449 1912 572 1969 timore:
595 1919 706 1989 *pontus
725 1915 760 1971 tn
780 1919 873 1970 terras
894 1913 955 1972 rnrt

339 2010 477 2072 meatque
498 2000 659 2054 monstrosae
680 1998 815 2075 seqnitur.

135 2091 214 2171 quod
228 2091 348 2152 nullam
371 2094 493 2154 omnino
514 2093 573 2154 vim
595 2094 717 2157 haberet
738 2094 763 2156 si
786 2095 862 2155 idem
886 2093 942 2155 iam
957 2112 984 2154 v.
1003 2097 1084 2159 1016
1100 2096 1210 2157 dietum

136 2184 222 2239 esset.
253 2195 341 2256 quern
363 2195 480 2239 versum
503 2197 539 2240 ex
561 2180 618 2240 hoo
639 2180 705 2259 ipso
727 2198 753 2240 v.
772 2181 853 2243 1033
873 2179 1035 2241 sontiatum
1051 2200 1116 2242 esse
1130 2182 1211 2243 vides

135 2272 166 2324 et
186 2273 255 2342 post
279 2265 360 2326 1015
383 2262 538 2339 insertum,
560 2282 628 2324 oum
643 2264 801 2326 haesitaret
816 2264 1011 2344 interpolator
1025 2265 1056 2326 in
1068 2261 1135 2328 ‘ista
1152 2261 1209 2328 lue‘

136 2365 198 2409 non
220 2345 332 2407 ratibus
354 2347 405 2408 sed
427 2348 515 2409 terris
537 2348 677 2411 minante.

221 2438 371 2511 postremo
393 2450 419 2492 r.
445 2435 525 2498 1035
548 2434 680 2513 qrrarnvis
702 2432 847 2494 Etruscus
873 2433 985 2496 dudum
1008 2436 1086 2514 quod
1110 2454 1211 2496 rernm

136 2525 182 2578 est
202 2516 399 2596 suppeditant
420 2519 552 2581 nondum
575 2528 656 2580 reete
678 2517 868 2599 intellegitur.
911 2518 1012 2599 inepte
1034 2521 1112 2581 enim
1133 2520 1211 2581 The·

135 2620 205 2664 sens
228 2601 367 2663 nuntium
390 2602 579 2684 interrumpit
600 2621 635 2665 ao
656 2614 754 2683 rogat:

340 2691 403 2767 pois
423 2687 538 2751 debitos
560 2688 608 2752 tlte
628 2693 755 2770 eorporis
774 2693 852 2751 vasta·
870 2687 954 2767 soit?

134 2783 225 2853 atque
248 2773 364 2837 Theseo
394 2788 510 2835 versum
539 2774 734 2853 interpolator
763 2773 858 2847 dedit,
887 2773 918 2833 in
941 2772 1093 2835 Ennntio
1115 2766 1212 2834 conti·
1318 2849 1322 2855 η

135 2868 255 2921 ouatur.
299 2857 350 2936 qui
373 2856 507 2920 videlieet
527 2859 587 2920 hoo
606 2859 695 2925 modo
718 2876 786 2919 oum
807 2858 930 2936 reliquis
952 2858 1104 2920 cohaeret:

595 2961 626 3005 oo
647 2954 762 3025 ponent
781 2954 897 3005 tremor.

339 3031 402 3108 qais
414 3027 537 3091 ‘traditas
558 3028 606 3091 dle
627 3033 754 3108 corporo
775 3032 852 3090 ooetr'
870 3019 951 3106 soit!

338 3113 470 3174 moratae
490 3112 686 3175 tooroseotla
705 3112 837 3176 oodlr‘rots
857 3131 957 3192 petens
979 3130 1005 3172 o.
1021 3130 1051 3191 q.
1066 3129 1091 3173 s.

136 3196 181 3258 sie
201 3214 293 3275 supra
316 3216 341 3256 r.
364 3199 422 3260 651
448 3202 511 3277 pots
531 3209 593 3259 tom
616 3197 664 3260 tlte
684 3198 777 3277 fortstt.

222 3283 321 3361 itaque
339 3289 437 3343 toturn
459 3281 558 3343 locum
579 3282 696 3362 quatern
715 3281 879 3343 restituisse
895 3279 981 3344 nobis
995 3280 1129 3344 videmur
1143 3290 1211 3343 ante

136 3367 239 3428 oeulos
261 3384 421 3446 ponamus:
938 3368 939 3371 ’

340 3454 485 3530 wosorpit
506 3457 604 3530 trepens
620 3463 730 3532 pontus
751 3457 918 3513 investem
943 3468 1083 3530 apparere.

340 3555 389 3597 nee
411 3540 467 3597 isto
487 3535 599 3599 notibus
619 3547 701 3599 torota
722 3540 899 3599 ooaornitor
914 3536 999 3597 teres:

273 3623 275 3628 '
341 3625 425 3682 terrio
446 3625 593 3694 monetam
618 3623 725 3700 floreos
745 3621 823 3690 deod
841 3639 929 3683 narso
952 3620 1009 3682 leet

325 3704 537 3785 provolvitur:
562 3711 654 3771 neseio
677 3706 746 3788 pora
766 3709 972 3773 operatoriae

339 3795 437 3869 proor's
458 3791 539 3851 uodo
556 3803 671 3870 portatu
695 3811 767 3873 qnae
786 3809 896 3855 nonum
918 3790 1001 3855 ortos
1022 3800 1106 3868 rapot

333 3874 590 3945 [essedonas-ot>
621 3876 719 3956 Cydas
740 3881 874 3939 exoritur
894 3873 993 3939 oooo?

339 3959 406 4022 doec
427 3961 495 4022 dnm
516 3972 658 4041 stupentes
679 3966 863 4042 quaerimus„
876 3972 969 4027 totum
990 3977 1025 4023 ort
1045 3977 1128 4023 more
