<?xml version="1.0" encoding="UTF-8"?>
<!DOCTYPE html PUBLIC "-//W3C//DTD XHTML 1.0 Transitional//EN"
    "http://www.w3.org/TR/xhtml1/DTD/xhtml1-transitional.dtd">
<html xmlns="http://www.w3.org/1999/xhtml" xml:lang="en" lang="en">
 <head>
  <title>
</title>
<meta http-equiv="Content-Type" content="text/html;charset=utf-8" />
  <meta name='ocr-system' content='tesseract 3.04.00' />
  <meta name='ocr-capabilities' content='ocr_page ocr_carea ocr_par ocr_line ocrx_word'/>
</head>
<body>
  <div class='ocr_page' id='page_1' title='image "./lannaeisenecaet00leogoog_0101.png"; bbox 0 0 2686 4482; ppageno 0'>
   <div class='ocr_carea' id='block_1_1' title="bbox 188 230 907 294">
    <p class='ocr_par' dir='ltr' id='par_1_1' title="bbox 188 230 907 294">
     <span class='ocr_line' id='line_1_1' title="bbox 188 230 907 294; baseline -0.008 0"><span class='ocrx_word' id='word_1_1' title='bbox 188 230 231 294; x_wconf 85' lang='lat'><strong>88</strong></span> <span class='ocrx_word' id='word_1_2' title='bbox 547 247 585 289; x_wconf 85' lang='lat' dir='ltr'><strong>nn</strong></span> <span class='ocrx_word' id='word_1_3' title='bbox 606 245 793 289; x_wconf 78' lang='lat' dir='ltr'><strong>ennsonsrrrs</strong></span> <span class='ocrx_word' id='word_1_4' title='bbox 815 245 907 289; x_wconf 68' lang='lat' dir='ltr'><strong>norm,</strong></span> 
     </span>
    </p>
   </div>
   <div class='ocr_carea' id='block_1_2' title="bbox 16 395 1326 3619">
    <p class='ocr_par' dir='ltr' id='par_1_2' title="bbox 16 395 1326 3619">
     <span class='ocr_line' id='line_1_2' title="bbox 274 395 1326 476; baseline 0.003 -18"><span class='ocrx_word' id='word_1_5' title='bbox 274 398 331 459; x_wconf 86' lang='lat' dir='ltr'><strong>iam</strong></span> <span class='ocrx_word' id='word_1_6' title='bbox 350 415 418 458; x_wconf 86' lang='lat' dir='ltr'><strong>vero</strong></span> <span class='ocrx_word' id='word_1_7' title='bbox 433 395 592 459; x_wconf 85' lang='lat' dir='ltr'><strong>videndum</strong></span> <span class='ocrx_word' id='word_1_8' title='bbox 608 403 653 458; x_wconf 89' lang='lat' dir='ltr'><strong>est</strong></span> <span class='ocrx_word' id='word_1_9' title='bbox 666 396 738 475; x_wconf 87' lang='lat' dir='ltr'><strong>quid</strong></span> <span class='ocrx_word' id='word_1_10' title='bbox 754 395 810 458; x_wconf 88' lang='lat' dir='ltr'><strong>bac</strong></span> <span class='ocrx_word' id='word_1_11' title='bbox 825 396 1026 476; x_wconf 85' lang='lat' dir='ltr'><strong>disputatione</strong></span> <span class='ocrx_word' id='word_1_12' title='bbox 1039 397 1183 459; x_wconf 86' lang='lat' dir='ltr'><strong>lucrati</strong></span> <span class='ocrx_word' id='word_1_13' title='bbox 1160 416 1269 461; x_wconf 72' lang='lat' dir='ltr'><strong>omres.</strong></span> <span class='ocrx_word' id='word_1_14' title='bbox 1325 408 1326 411; x_wconf 76' lang='grc'>’</span> 
     </span>
     <span class='ocr_line' id='line_1_3' title="bbox 188 480 1326 562; baseline 0.002 -18"><span class='ocrx_word' id='word_1_15' title='bbox 188 501 224 544; x_wconf 87' lang='lat' dir='ltr'><strong>ac</strong></span> <span class='ocrx_word' id='word_1_16' title='bbox 244 482 373 562; x_wconf 89' lang='lat' dir='ltr'><strong>primum</strong></span> <span class='ocrx_word' id='word_1_17' title='bbox 397 480 516 561; x_wconf 83' lang='lat' dir='ltr'><strong>quidem</strong></span> <span class='ocrx_word' id='word_1_18' title='bbox 538 482 682 560; x_wconf 86' lang='lat' dir='ltr'><strong>sequitur,</strong></span> <span class='ocrx_word' id='word_1_19' title='bbox 711 482 762 543; x_wconf 93' lang='lat' dir='ltr'><strong>ubi</strong></span> <span class='ocrx_word' id='word_1_20' title='bbox 792 482 828 543; x_wconf 92' lang='lat' dir='ltr'><strong>de</strong></span> <span class='ocrx_word' id='word_1_21' title='bbox 854 499 982 560; x_wconf 87' lang='lat' dir='ltr'><strong>persona</strong></span> <span class='ocrx_word' id='word_1_22' title='bbox 1004 483 1054 543; x_wconf 90' lang='lat' dir='ltr'><strong>cui</strong></span> <span class='ocrx_word' id='word_1_23' title='bbox 1074 501 1177 545; x_wconf 87' lang='lat' dir='ltr'><strong>versus</strong></span> <span class='ocrx_word' id='word_1_24' title='bbox 1199 503 1269 547; x_wconf 88' lang='lat' dir='ltr'><strong>ser-</strong></span> <span class='ocrx_word' id='word_1_25' title='bbox 1325 508 1326 511; x_wconf 42' lang='lat'>¹</span> 
     </span>
     <span class='ocr_line' id='line_1_4' title="bbox 188 560 1326 653; baseline 0 -24"><span class='ocrx_word' id='word_1_26' title='bbox 188 585 274 629; x_wconf 84' lang='lat' dir='ltr'><strong>move</strong></span> <span class='ocrx_word' id='word_1_27' title='bbox 294 567 471 629; x_wconf 87' lang='lat' dir='ltr'><strong>tribuendus</strong></span> <span class='ocrx_word' id='word_1_28' title='bbox 494 566 533 629; x_wconf 90' lang='lat' dir='ltr'><strong>sit</strong></span> <span class='ocrx_word' id='word_1_29' title='bbox 547 566 690 629; x_wconf 79' lang='lat' dir='ltr'><strong>dubitatio</strong></span> <span class='ocrx_word' id='word_1_30' title='bbox 705 566 828 641; x_wconf 87' lang='lat' dir='ltr'><strong>oriatur,</strong></span> <span class='ocrx_word' id='word_1_31' title='bbox 850 566 881 628; x_wconf 87' lang='lat' dir='ltr'><strong>id</strong></span> <span class='ocrx_word' id='word_1_32' title='bbox 895 584 957 629; x_wconf 92' lang='lat' dir='ltr'><strong>non</strong></span> <span class='ocrx_word' id='word_1_33' title='bbox 973 568 1011 628; x_wconf 89' lang='lat' dir='ltr'><strong>ad</strong></span> <span class='ocrx_word' id='word_1_34' title='bbox 1023 586 1146 631; x_wconf 86' lang='lat' dir='ltr'><strong>scaenae</strong></span> <span class='ocrx_word' id='word_1_35' title='bbox 1161 569 1271 632; x_wconf 87' lang='lat' dir='ltr'><strong>titulos</strong></span> <span class='ocrx_word' id='word_1_36' title='bbox 1325 560 1326 653; x_wconf 76' lang='lat' dir='ltr'><strong>l</strong></span> 
     </span>
     <span class='ocr_line' id='line_1_5' title="bbox 189 651 1326 749; baseline 0.003 -35"><span class='ocrx_word' id='word_1_37' title='bbox 189 652 366 730; x_wconf 82' lang='lat' dir='ltr'><strong>exigendum</strong></span> <span class='ocrx_word' id='word_1_38' title='bbox 390 670 471 714; x_wconf 89' lang='lat' dir='ltr'><strong>esse:</strong></span> <span class='ocrx_word' id='word_1_39' title='bbox 496 671 572 749; x_wconf 82' lang='lat' dir='ltr'><strong>quos</strong></span> <span class='ocrx_word' id='word_1_40' title='bbox 594 653 646 733; x_wconf 89' lang='lat' dir='ltr'><strong>qui</strong></span> <span class='ocrx_word' id='word_1_41' title='bbox 667 651 802 714; x_wconf 87' lang='lat' dir='ltr'><strong>adiecit</strong></span> <span class='ocrx_word' id='word_1_42' title='bbox 795 670 859 732; x_wconf 79' lang='lat' dir='ltr'><strong>ipse</strong></span> <span class='ocrx_word' id='word_1_43' title='bbox 881 651 923 712; x_wconf 88' lang='lat' dir='ltr'><strong>eis</strong></span> <span class='ocrx_word' id='word_1_44' title='bbox 946 670 979 713; x_wconf 90' lang='lat' dir='ltr'><strong>se</strong></span> <span class='ocrx_word' id='word_1_45' title='bbox 1001 652 1149 732; x_wconf 86' lang='lat' dir='ltr'><strong>adplicare</strong></span> <span class='ocrx_word' id='word_1_46' title='bbox 1164 654 1326 723; x_wconf 79' lang='lat' dir='ltr'>debuit</span> 
     </span>
     <span class='ocr_line' id='line_1_6' title="bbox 190 736 1326 819; baseline 0.002 -20"><span class='ocrx_word' id='word_1_47' title='bbox 190 756 265 817; x_wconf 83' lang='lat' dir='ltr'><strong>qnae</strong></span> <span class='ocrx_word' id='word_1_48' title='bbox 287 737 419 799; x_wconf 87' lang='lat' dir='ltr'><strong>versibus</strong></span> <span class='ocrx_word' id='word_1_49' title='bbox 443 736 584 817; x_wconf 89' lang='lat' dir='ltr'><strong>inscripta</strong></span> <span class='ocrx_word' id='word_1_50' title='bbox 606 739 762 817; x_wconf 85' lang='lat' dir='ltr'><strong>reperiret.</strong></span> <span class='ocrx_word' id='word_1_51' title='bbox 796 745 884 816; x_wconf 88' lang='lat' dir='ltr'><strong>atque</strong></span> <span class='ocrx_word' id='word_1_52' title='bbox 906 736 960 798; x_wconf 85' lang='lat' dir='ltr'><strong>bac</strong></span> <span class='ocrx_word' id='word_1_53' title='bbox 982 755 1104 817; x_wconf 87' lang='lat' dir='ltr'><strong>quoque</strong></span> <span class='ocrx_word' id='word_1_54' title='bbox 1124 737 1155 799; x_wconf 93' lang='lat' dir='ltr'><strong>in</strong></span> <span class='ocrx_word' id='word_1_55' title='bbox 1179 757 1214 800; x_wconf 88' lang='lat' dir='ltr'><strong>re</strong></span> <span class='ocrx_word' id='word_1_56' title='bbox 1231 758 1268 801; x_wconf 88' lang='lat' dir='ltr'><strong>eo</strong></span> <span class='ocrx_word' id='word_1_57' title='bbox 1325 778 1326 819; x_wconf 70' lang='lat'><em>5</em></span> 
     </span>
     <span class='ocr_line' id='line_1_7' title="bbox 189 822 1267 903; baseline 0 -19"><span class='ocrx_word' id='word_1_58' title='bbox 189 823 325 903; x_wconf 85' lang='lat' dir='ltr'><strong>exemplo</strong></span> <span class='ocrx_word' id='word_1_59' title='bbox 355 822 500 901; x_wconf 80' lang='lat' dir='ltr'><strong>defungar</strong></span> <span class='ocrx_word' id='word_1_60' title='bbox 527 841 543 883; x_wconf 90' lang='lat' dir='ltr'><strong>a</strong></span> <span class='ocrx_word' id='word_1_61' title='bbox 569 841 629 902; x_wconf 86' lang='lat' dir='ltr'><strong>qno</strong></span> <span class='ocrx_word' id='word_1_62' title='bbox 652 822 776 902; x_wconf 85' lang='lat' dir='ltr'><strong>proiecti</strong></span> <span class='ocrx_word' id='word_1_63' title='bbox 799 840 912 884; x_wconf 76' lang='lat' dir='ltr'><strong>mutus.</strong></span> <span class='ocrx_word' id='word_1_64' title='bbox 957 840 1025 883; x_wconf 91' lang='lat' dir='ltr'><strong>nam</strong></span> <span class='ocrx_word' id='word_1_65' title='bbox 1049 823 1128 903; x_wconf 89' lang='lat' dir='ltr'><strong>quod</strong></span> <span class='ocrx_word' id='word_1_66' title='bbox 1149 822 1267 886; x_wconf 85' lang='lat' dir='ltr'><strong>Pboen.</strong></span> 
     </span>
     <span class='ocr_line' id='line_1_8' title="bbox 189 905 1267 987; baseline -0.001 -17"><span class='ocrx_word' id='word_1_67' title='bbox 189 909 372 971; x_wconf 79' lang='lat' dir='ltr'><strong>tot-406</strong></span> <span class='ocrx_word' id='word_1_68' title='bbox 396 917 425 969; x_wconf 90' lang='lat' dir='ltr'><strong>et</strong></span> <span class='ocrx_word' id='word_1_69' title='bbox 448 909 631 970; x_wconf 80' lang='lat' dir='ltr'><strong>ott-419</strong></span> <span class='ocrx_word' id='word_1_70' title='bbox 653 908 685 969; x_wconf 91' lang='lat' dir='ltr'><strong>in</strong></span> <span class='ocrx_word' id='word_1_71' title='bbox 707 907 736 967; x_wconf 82' lang='lat' dir='ltr'><strong>ll</strong></span> <span class='ocrx_word' id='word_1_72' title='bbox 754 924 815 969; x_wconf 87' lang='lat' dir='ltr'><strong>non</strong></span> <span class='ocrx_word' id='word_1_73' title='bbox 837 905 1011 968; x_wconf 89' lang='lat' dir='ltr'><strong>tribuuntur</strong></span> <span class='ocrx_word' id='word_1_74' title='bbox 1033 907 1208 987; x_wconf 76' lang='lat' dir='ltr'><strong>Antigonae,</strong></span> <span class='ocrx_word' id='word_1_75' title='bbox 1236 908 1267 969; x_wconf 88' lang='lat' dir='ltr'><strong>id</strong></span> 
     </span>
     <span class='ocr_line' id='line_1_9' title="bbox 189 991 1326 1070; baseline -0.001 -16"><span class='ocrx_word' id='word_1_76' title='bbox 189 1010 312 1057; x_wconf 77' lang='lat' dir='ltr'><strong>scaenae</strong></span> <span class='ocrx_word' id='word_1_77' title='bbox 338 992 437 1053; x_wconf 89' lang='lat' dir='ltr'><strong>indice</strong></span> <span class='ocrx_word' id='word_1_78' title='bbox 464 992 633 1054; x_wconf 77' lang='lat' dir='ltr'><strong>confirmari</strong></span> <span class='ocrx_word' id='word_1_79' title='bbox 665 991 780 1053; x_wconf 88' lang='lat' dir='ltr'><strong>videtur</strong></span> <span class='ocrx_word' id='word_1_80' title='bbox 812 992 864 1070; x_wconf 84' lang='lat' dir='ltr'><strong>qui</strong></span> <span class='ocrx_word' id='word_1_81' title='bbox 898 991 962 1053; x_wconf 91' lang='lat' dir='ltr'><strong>eius</strong></span> <span class='ocrx_word' id='word_1_82' title='bbox 995 1008 1106 1053; x_wconf 89' lang='lat' dir='ltr'><strong>nomen</strong></span> <span class='ocrx_word' id='word_1_83' title='bbox 1139 992 1265 1055; x_wconf 92' lang='lat' dir='ltr'><strong>omnino</strong></span> <span class='ocrx_word' id='word_1_84' title='bbox 1325 1056 1326 1061; x_wconf 59' lang='grc'>,</span> 
     </span>
     <span class='ocr_line' id='line_1_10' title="bbox 190 1076 1326 1156; baseline 0.001 -18"><span class='ocrx_word' id='word_1_85' title='bbox 190 1077 307 1139; x_wconf 87' lang='lat' dir='ltr'><strong>omittit.</strong></span> <span class='ocrx_word' id='word_1_86' title='bbox 350 1096 384 1138; x_wconf 88' lang='lat' dir='ltr'><strong>ac</strong></span> <span class='ocrx_word' id='word_1_87' title='bbox 405 1078 502 1156; x_wconf 77' lang='lat' dir='ltr'><strong>possit</strong></span> <span class='ocrx_word' id='word_1_88' title='bbox 522 1077 647 1137; x_wconf 76' lang='lat' dir='ltr'><strong>existere</strong></span> <span class='ocrx_word' id='word_1_89' title='bbox 670 1076 721 1156; x_wconf 87' lang='lat' dir='ltr'><strong>qui</strong></span> <span class='ocrx_word' id='word_1_90' title='bbox 744 1076 774 1138; x_wconf 95' lang='lat' dir='ltr'><strong>id</strong></span> <span class='ocrx_word' id='word_1_91' title='bbox 795 1086 875 1138; x_wconf 88' lang='lat' dir='ltr'><strong>recte</strong></span> <span class='ocrx_word' id='word_1_92' title='bbox 897 1076 1005 1138; x_wconf 85' lang='lat' dir='ltr'><strong>lactum</strong></span> <span class='ocrx_word' id='word_1_93' title='bbox 1028 1077 1142 1155; x_wconf 88' lang='lat' dir='ltr'><strong>istaque</strong></span> <span class='ocrx_word' id='word_1_94' title='bbox 1164 1079 1267 1139; x_wconf 88' lang='lat' dir='ltr'><strong>omnia</strong></span> <span class='ocrx_word' id='word_1_95' title='bbox 1325 1094 1326 1103; x_wconf 57' lang='lat'>¹</span> 
     </span>
     <span class='ocr_line' id='line_1_11' title="bbox 189 1158 1326 1242; baseline 0.001 -19"><span class='ocrx_word' id='word_1_96' title='bbox 189 1161 307 1224; x_wconf 74' lang='lat' dir='ltr'><strong>satelliti</strong></span> <span class='ocrx_word' id='word_1_97' title='bbox 329 1160 530 1223; x_wconf 91' lang='lat' dir='ltr'><strong>continuanda</strong></span> <span class='ocrx_word' id='word_1_98' title='bbox 554 1179 618 1223; x_wconf 90' lang='lat' dir='ltr'><strong>esse</strong></span> <span class='ocrx_word' id='word_1_99' title='bbox 640 1162 794 1241; x_wconf 75' lang='lat' dir='ltr'><strong>opinetur:</strong></span> <span class='ocrx_word' id='word_1_100' title='bbox 819 1179 886 1224; x_wconf 87' lang='lat' dir='ltr'><strong>nam</strong></span> <span class='ocrx_word' id='word_1_101' title='bbox 903 1161 982 1241; x_wconf 91' lang='lat' dir='ltr'><strong>quod</strong></span> <span class='ocrx_word' id='word_1_102' title='bbox 996 1181 1022 1222; x_wconf 85' lang='lat' dir='ltr'><strong>v.</strong></span> <span class='ocrx_word' id='word_1_103' title='bbox 1039 1163 1100 1225; x_wconf 87' lang='grc'><strong>403</strong></span> <span class='ocrx_word' id='word_1_104' title='bbox 1112 1180 1223 1242; x_wconf 79' lang='lat' dir='ltr'><strong>porcos</strong></span> <span class='ocrx_word' id='word_1_105' title='bbox 1237 1172 1267 1224; x_wconf 88' lang='lat' dir='ltr'><strong>et</strong></span> <span class='ocrx_word' id='word_1_106' title='bbox 1325 1158 1326 1231; x_wconf 63' lang='grc' dir='ltr'>ξ</span> 
     </span>
     <span class='ocr_line' id='line_1_12' title="bbox 189 1246 1267 1328; baseline -0.002 -17"><span class='ocrx_word' id='word_1_107' title='bbox 189 1249 251 1311; x_wconf 84' lang='grc'><strong>406</strong></span> <span class='ocrx_word' id='word_1_108' title='bbox 273 1257 366 1309; x_wconf 81' lang='lat' dir='ltr'><strong>motor</strong></span> <span class='ocrx_word' id='word_1_109' title='bbox 387 1246 504 1326; x_wconf 91' lang='lat' dir='ltr'><strong>legitur,</strong></span> <span class='ocrx_word' id='word_1_110' title='bbox 527 1246 681 1308; x_wconf 82' lang='lat' dir='ltr'><strong>satellitem</strong></span> <span class='ocrx_word' id='word_1_111' title='bbox 698 1265 818 1326; x_wconf 83' lang='lat' dir='ltr'><strong>quoque</strong></span> <span class='ocrx_word' id='word_1_112' title='bbox 836 1266 861 1307; x_wconf 83' lang='lat' dir='ltr'><strong>v.</strong></span> <span class='ocrx_word' id='word_1_113' title='bbox 877 1249 939 1310; x_wconf 82' lang='lat'><strong>402</strong></span> <span class='ocrx_word' id='word_1_114' title='bbox 954 1246 994 1308; x_wconf 92' lang='lat' dir='ltr'><strong>ita</strong></span> <span class='ocrx_word' id='word_1_115' title='bbox 1009 1246 1109 1326; x_wconf 87' lang='lat' dir='ltr'><strong>loqui:</strong></span> <span class='ocrx_word' id='word_1_116' title='bbox 1131 1259 1157 1309; x_wconf 88' lang='lat' dir='ltr'><strong>et</strong></span> <span class='ocrx_word' id='word_1_117' title='bbox 1171 1251 1267 1328; x_wconf 80' lang='lat' dir='ltr'><strong>impio</strong></span> 
     </span>
     <span class='ocr_line' id='line_1_13' title="bbox 189 1331 1267 1413; baseline -0.001 -18"><span class='ocrx_word' id='word_1_118' title='bbox 189 1341 386 1395; x_wconf 68' lang='lat' dir='ltr'><strong>monaster</strong></span> <span class='ocrx_word' id='word_1_119' title='bbox 408 1334 535 1411; x_wconf 77' lang='lat' dir='ltr'><strong>opposito</strong></span> <span class='ocrx_word' id='word_1_120' title='bbox 557 1333 670 1413; x_wconf 69' lang='lat' dir='ltr'><strong>teperti.</strong></span> <span class='ocrx_word' id='word_1_121' title='bbox 715 1332 768 1394; x_wconf 91' lang='lat' dir='ltr'><strong>sed</strong></span> <span class='ocrx_word' id='word_1_122' title='bbox 795 1333 853 1393; x_wconf 87' lang='lat' dir='ltr'><strong>boc</strong></span> <span class='ocrx_word' id='word_1_123' title='bbox 881 1331 965 1393; x_wconf 90' lang='lat' dir='ltr'><strong>aliter</strong></span> <span class='ocrx_word' id='word_1_124' title='bbox 992 1332 1023 1392; x_wconf 92' lang='lat' dir='ltr'><strong>in</strong></span> <span class='ocrx_word' id='word_1_125' title='bbox 1049 1331 1177 1393; x_wconf 76' lang='lat' dir='ltr'><strong>Etrusco</strong></span> <span class='ocrx_word' id='word_1_126' title='bbox 1207 1331 1267 1410; x_wconf 85' lang='lat' dir='ltr'><strong>legi</strong></span> 
     </span>
     <span class='ocr_line' id='line_1_14' title="bbox 190 1415 1265 1496; baseline 0 -18"><span class='ocrx_word' id='word_1_127' title='bbox 190 1434 282 1496; x_wconf 82' lang='lat' dir='ltr'><strong>supra</strong></span> <span class='ocrx_word' id='word_1_128' title='bbox 296 1415 408 1477; x_wconf 89' lang='lat' dir='ltr'><strong>monui.</strong></span> <span class='ocrx_word' id='word_1_129' title='bbox 438 1424 588 1495; x_wconf 87' lang='lat' dir='ltr'><strong>praeterea</strong></span> <span class='ocrx_word' id='word_1_130' title='bbox 603 1418 773 1480; x_wconf 54' lang='lat' dir='ltr'><strong>Alb-419</strong></span> <span class='ocrx_word' id='word_1_131' title='bbox 790 1416 960 1478; x_wconf 69' lang='lat' dir='ltr'><strong>consonari</strong></span> <span class='ocrx_word' id='word_1_132' title='bbox 976 1416 1106 1477; x_wconf 88' lang='lat' dir='ltr'><strong>locastae</strong></span> <span class='ocrx_word' id='word_1_133' title='bbox 1120 1416 1265 1490; x_wconf 85' lang='lat' dir='ltr'><strong>debeant;</strong></span> 
     </span>
     <span class='ocr_line' id='line_1_15' title="bbox 190 1501 1266 1582; baseline 0.001 -20"><span class='ocrx_word' id='word_1_134' title='bbox 190 1501 241 1562; x_wconf 83' lang='lat' dir='ltr'><strong>sed</strong></span> <span class='ocrx_word' id='word_1_135' title='bbox 263 1502 290 1561; x_wconf 94' lang='lat' dir='ltr'><strong>ei</strong></span> <span class='ocrx_word' id='word_1_136' title='bbox 314 1519 374 1562; x_wconf 92' lang='lat' dir='ltr'><strong>non</strong></span> <span class='ocrx_word' id='word_1_137' title='bbox 398 1502 536 1562; x_wconf 86' lang='lat' dir='ltr'><strong>convenit</strong></span> <span class='ocrx_word' id='word_1_138' title='bbox 557 1502 635 1564; x_wconf 90' lang='lat' dir='ltr'><strong>acies</strong></span> <span class='ocrx_word' id='word_1_139' title='bbox 651 1502 826 1582; x_wconf 86' lang='lat' dir='ltr'><strong>prospicere</strong></span> <span class='ocrx_word' id='word_1_140' title='bbox 839 1508 870 1563; x_wconf 88' lang='lat' dir='ltr'><strong>et</strong></span> <span class='ocrx_word' id='word_1_141' title='bbox 883 1519 959 1579; x_wconf 88' lang='lat' dir='ltr'><strong>quae</strong></span> <span class='ocrx_word' id='word_1_142' title='bbox 974 1520 1030 1580; x_wconf 90' lang='lat' dir='ltr'><strong>pro</strong></span> <span class='ocrx_word' id='word_1_143' title='bbox 1045 1502 1139 1562; x_wconf 88' lang='lat' dir='ltr'><strong>muris</strong></span> <span class='ocrx_word' id='word_1_144' title='bbox 1157 1518 1266 1580; x_wconf 57' lang='lat' dir='ltr'><strong>geron*</strong></span> 
     </span>
     <span class='ocr_line' id='line_1_16' title="bbox 104 1584 1265 1665; baseline 0.001 -18"><span class='ocrx_word' id='word_1_145' title='bbox 104 1590 116 1598; x_wconf 80' lang='lat'><strong><em>‘</em></strong></span> <span class='ocrx_word' id='word_1_146' title='bbox 142 1584 151 1599; x_wconf 53' lang='lat'><em>³</em></span> <span class='ocrx_word' id='word_1_147' title='bbox 188 1595 240 1647; x_wconf 92' lang='lat' dir='ltr'><strong>tur</strong></span> <span class='ocrx_word' id='word_1_148' title='bbox 266 1586 388 1646; x_wconf 80' lang='lat' dir='ltr'><strong>reterre.</strong></span> <span class='ocrx_word' id='word_1_149' title='bbox 432 1586 505 1647; x_wconf 82' lang='lat' dir='ltr'><strong>falso</strong></span> <span class='ocrx_word' id='word_1_150' title='bbox 533 1586 623 1665; x_wconf 86' lang='lat' dir='ltr'><strong>igitur</strong></span> <span class='ocrx_word' id='word_1_151' title='bbox 651 1587 682 1647; x_wconf 94' lang='lat' dir='ltr'><strong>in</strong></span> <span class='ocrx_word' id='word_1_152' title='bbox 704 1585 732 1647; x_wconf 79' lang='grc' dir='ltr'><em>Ε</em></span> <span class='ocrx_word' id='word_1_153' title='bbox 751 1586 915 1664; x_wconf 74' lang='lat' dir='ltr'><strong>Antigonae</strong></span> <span class='ocrx_word' id='word_1_154' title='bbox 943 1605 1072 1664; x_wconf 82' lang='lat' dir='ltr'><strong>persona</strong></span> <span class='ocrx_word' id='word_1_155' title='bbox 1093 1585 1187 1648; x_wconf 87' lang='lat' dir='ltr'><strong>eiecta</strong></span> <span class='ocrx_word' id='word_1_156' title='bbox 1211 1595 1265 1660; x_wconf 75' lang='lat' dir='ltr'><strong>est,</strong></span> 
     </span>
     <span class='ocr_line' id='line_1_17' title="bbox 190 1670 1326 1751; baseline -0.002 -17"><span class='ocrx_word' id='word_1_157' title='bbox 190 1678 270 1735; x_wconf 88' lang='lat' dir='ltr'><strong>recte</strong></span> <span class='ocrx_word' id='word_1_158' title='bbox 293 1670 323 1731; x_wconf 93' lang='lat' dir='ltr'><strong>in</strong></span> <span class='ocrx_word' id='word_1_159' title='bbox 339 1670 363 1731; x_wconf 86' lang='lat' dir='ltr'><strong>A</strong></span> <span class='ocrx_word' id='word_1_160' title='bbox 384 1671 529 1746; x_wconf 84' lang='lat' dir='ltr'><strong>restituta,</strong></span> <span class='ocrx_word' id='word_1_161' title='bbox 553 1671 725 1732; x_wconf 87' lang='lat' dir='ltr'><strong>coniectura</strong></span> <span class='ocrx_word' id='word_1_162' title='bbox 740 1690 776 1732; x_wconf 82' lang='lat' dir='ltr'><strong>ex</strong></span> <span class='ocrx_word' id='word_1_163' title='bbox 790 1691 817 1732; x_wconf 84' lang='lat' dir='ltr'><strong>r.</strong></span> <span class='ocrx_word' id='word_1_164' title='bbox 834 1673 895 1735; x_wconf 83' lang='grc'><strong>400</strong></span> <span class='ocrx_word' id='word_1_165' title='bbox 907 1689 993 1750; x_wconf 76' lang='lat' dir='ltr'><strong>perge</strong></span> <span class='ocrx_word' id='word_1_166' title='bbox 1007 1689 1023 1733; x_wconf 96' lang='lat' dir='ltr'><strong>o</strong></span> <span class='ocrx_word' id='word_1_167' title='bbox 1035 1690 1143 1751; x_wconf 77' lang='lat' dir='ltr'><strong>pareres</strong></span> <span class='ocrx_word' id='word_1_168' title='bbox 1158 1691 1185 1733; x_wconf 90' lang='lat' dir='ltr'><strong>e.</strong></span> <span class='ocrx_word' id='word_1_169' title='bbox 1200 1691 1230 1751; x_wconf 78' lang='lat' dir='ltr'><strong>q.</strong></span> <span class='ocrx_word' id='word_1_170' title='bbox 1241 1690 1266 1732; x_wconf 87' lang='lat' dir='ltr'><strong>s.</strong></span> <span class='ocrx_word' id='word_1_171' title='bbox 1325 1696 1326 1709; x_wconf 50' lang='lat'>¹</span> 
     </span>
     <span class='ocr_line' id='line_1_18' title="bbox 133 1754 1326 1839; baseline 0.003 -25"><span class='ocrx_word' id='word_1_172' title='bbox 133 1764 135 1768; x_wconf 83' lang='lat'>&#39;</span> <span class='ocrx_word' id='word_1_173' title='bbox 190 1754 267 1817; x_wconf 79' lang='lat' dir='ltr'><strong>facili</strong></span> <span class='ocrx_word' id='word_1_174' title='bbox 291 1762 319 1815; x_wconf 93' lang='lat' dir='ltr'><strong>et</strong></span> <span class='ocrx_word' id='word_1_175' title='bbox 342 1756 403 1816; x_wconf 83' lang='lat' dir='ltr'><strong>fere</strong></span> <span class='ocrx_word' id='word_1_176' title='bbox 426 1756 599 1818; x_wconf 89' lang='lat' dir='ltr'><strong>necessaria.</strong></span> <span class='ocrx_word' id='word_1_177' title='bbox 634 1756 685 1834; x_wconf 87' lang='lat' dir='ltr'><strong>qui</strong></span> <span class='ocrx_word' id='word_1_178' title='bbox 707 1756 739 1816; x_wconf 93' lang='lat' dir='ltr'><strong>in</strong></span> <span class='ocrx_word' id='word_1_179' title='bbox 760 1755 788 1815; x_wconf 84' lang='lat' dir='ltr'><em>E</em></span> <span class='ocrx_word' id='word_1_180' title='bbox 808 1754 920 1817; x_wconf 88' lang='lat' dir='ltr'><strong>codicis</strong></span> <span class='ocrx_word' id='word_1_181' title='bbox 939 1774 1049 1835; x_wconf 90' lang='lat' dir='ltr'><strong>proavo</strong></span> <span class='ocrx_word' id='word_1_182' title='bbox 1071 1774 1197 1818; x_wconf 81' lang='lat' dir='ltr'><strong>scaenae</strong></span> <span class='ocrx_word' id='word_1_183' title='bbox 1219 1756 1265 1818; x_wconf 91' lang='lat' dir='ltr'><strong>in·</strong></span> <span class='ocrx_word' id='word_1_184' title='bbox 1325 1834 1326 1839; x_wconf 8' lang='grc' dir='ltr'>ἵ</span> 
     </span>
     <span class='ocr_line' id='line_1_19' title="bbox 190 1839 1326 1919; baseline 0.001 -18"><span class='ocrx_word' id='word_1_185' title='bbox 190 1840 285 1901; x_wconf 89' lang='lat' dir='ltr'><strong>dicem</strong></span> <span class='ocrx_word' id='word_1_186' title='bbox 308 1839 428 1919; x_wconf 83' lang='lat' dir='ltr'><strong>scripsit</strong></span> <span class='ocrx_word' id='word_1_187' title='bbox 447 1841 623 1918; x_wconf 78' lang='lat' dir='ltr'><strong>Antigonam</strong></span> <span class='ocrx_word' id='word_1_188' title='bbox 645 1840 702 1902; x_wconf 92' lang='lat' dir='ltr'><strong>iam</strong></span> <span class='ocrx_word' id='word_1_189' title='bbox 727 1859 787 1901; x_wconf 91' lang='lat' dir='ltr'><strong>non</strong></span> <span class='ocrx_word' id='word_1_190' title='bbox 809 1840 924 1902; x_wconf 81' lang='lat' dir='ltr'><strong>invenit</strong></span> <span class='ocrx_word' id='word_1_191' title='bbox 945 1849 974 1902; x_wconf 87' lang='lat' dir='ltr'><strong>et</strong></span> <span class='ocrx_word' id='word_1_192' title='bbox 995 1842 1118 1902; x_wconf 84' lang='lat' dir='ltr'><strong>sortasse</strong></span> <span class='ocrx_word' id='word_1_193' title='bbox 1139 1842 1169 1901; x_wconf 92' lang='lat' dir='ltr'><strong>id</strong></span> <span class='ocrx_word' id='word_1_194' title='bbox 1194 1861 1264 1904; x_wconf 90' lang='lat' dir='ltr'><strong>con·</strong></span> <span class='ocrx_word' id='word_1_195' title='bbox 1325 1890 1326 1913; x_wconf 47' lang='lat'>2</span> 
     </span>
     <span class='ocr_line' id='line_1_20' title="bbox 189 1923 1326 2005; baseline -0.001 -21"><span class='ocrx_word' id='word_1_196' title='bbox 189 1924 291 1987; x_wconf 85' lang='lat' dir='ltr'><strong>venire</strong></span> <span class='ocrx_word' id='word_1_197' title='bbox 313 1924 436 2003; x_wconf 89' lang='lat' dir='ltr'><strong>putabat</strong></span> <span class='ocrx_word' id='word_1_198' title='bbox 455 1925 621 2004; x_wconf 85' lang='lat' dir='ltr'><strong>Antigonae</strong></span> <span class='ocrx_word' id='word_1_199' title='bbox 644 1943 712 1987; x_wconf 91' lang='lat' dir='ltr'><strong>cum</strong></span> <span class='ocrx_word' id='word_1_200' title='bbox 735 1923 851 2005; x_wconf 84' lang='lat' dir='ltr'><strong>Oedipo</strong></span> <span class='ocrx_word' id='word_1_201' title='bbox 873 1925 904 1986; x_wconf 91' lang='lat' dir='ltr'><strong>in</strong></span> <span class='ocrx_word' id='word_1_202' title='bbox 928 1923 1103 1988; x_wconf 79' lang='lat' dir='ltr'><strong>Cithaerone</strong></span> <span class='ocrx_word' id='word_1_203' title='bbox 1125 1926 1280 1992; x_wconf 77' lang='lat' dir='ltr'><strong>moranti..</strong></span> <span class='ocrx_word' id='word_1_204' title='bbox 1325 1954 1326 1983; x_wconf 49' lang='lat' dir='ltr'><strong>c</strong></span> 
     </span>
     <span class='ocr_line' id='line_1_21' title="bbox 194 2008 1326 2089; baseline 0.001 -20"><span class='ocrx_word' id='word_1_205' title='bbox 194 2042 198 2049; x_wconf 92' lang='lat'><em>·</em></span> <span class='ocrx_word' id='word_1_206' title='bbox 276 2026 344 2070; x_wconf 88' lang='lat' dir='ltr'><strong>nam</strong></span> <span class='ocrx_word' id='word_1_207' title='bbox 367 2008 494 2070; x_wconf 88' lang='lat' dir='ltr'><strong>eundem</strong></span> <span class='ocrx_word' id='word_1_208' title='bbox 516 2011 568 2088; x_wconf 87' lang='lat' dir='ltr'><strong>qui</strong></span> <span class='ocrx_word' id='word_1_209' title='bbox 589 2010 702 2071; x_wconf 90' lang='lat' dir='ltr'><strong>indices</strong></span> <span class='ocrx_word' id='word_1_210' title='bbox 720 2010 794 2071; x_wconf 92' lang='lat' dir='ltr'><strong>istos</strong></span> <span class='ocrx_word' id='word_1_211' title='bbox 809 2011 977 2089; x_wconf 76' lang='lat' dir='ltr'><strong>composuit</strong></span> <span class='ocrx_word' id='word_1_212' title='bbox 992 2021 1020 2072; x_wconf 90' lang='lat' dir='ltr'><strong>et</strong></span> <span class='ocrx_word' id='word_1_213' title='bbox 1034 2010 1264 2073; x_wconf 84' lang='lat' dir='ltr'><strong>Phoenissarum</strong></span> <span class='ocrx_word' id='word_1_214' title='bbox 1325 2008 1326 2049; x_wconf 60' lang='lat'>³</span> 
     </span>
     <span class='ocr_line' id='line_1_22' title="bbox 191 2093 1265 2175; baseline 0.001 -20"><span class='ocrx_word' id='word_1_215' title='bbox 191 2112 303 2156; x_wconf 86' lang='lat' dir='ltr'><strong>nomen</strong></span> <span class='ocrx_word' id='word_1_216' title='bbox 331 2093 593 2156; x_wconf 83' lang='lat' dir='ltr'><strong>declamationibus</strong></span> <span class='ocrx_word' id='word_1_217' title='bbox 621 2095 659 2155; x_wconf 91' lang='lat' dir='ltr'><strong>de</strong></span> <span class='ocrx_word' id='word_1_218' title='bbox 687 2094 802 2174; x_wconf 83' lang='lat' dir='ltr'><strong>Oedipo</strong></span> <span class='ocrx_word' id='word_1_219' title='bbox 831 2102 863 2156; x_wconf 88' lang='lat' dir='ltr'><strong>et</strong></span> <span class='ocrx_word' id='word_1_220' title='bbox 888 2094 947 2156; x_wconf 86' lang='lat' dir='ltr'><strong>lilia</strong></span> <span class='ocrx_word' id='word_1_221' title='bbox 976 2095 1071 2175; x_wconf 86' lang='lat' dir='ltr'><strong>deque</strong></span> <span class='ocrx_word' id='word_1_222' title='bbox 1095 2095 1209 2158; x_wconf 88' lang='lat' dir='ltr'><strong>locasta</strong></span> <span class='ocrx_word' id='word_1_223' title='bbox 1236 2103 1265 2156; x_wconf 88' lang='lat' dir='ltr'><strong>et</strong></span> 
     </span>
     <span class='ocr_line' id='line_1_23' title="bbox 190 2179 1326 2271; baseline 0 -30"><span class='ocrx_word' id='word_1_224' title='bbox 190 2179 259 2241; x_wconf 84' lang='lat' dir='ltr'><strong>filiis</strong></span> <span class='ocrx_word' id='word_1_225' title='bbox 281 2180 312 2240; x_wconf 93' lang='lat' dir='ltr'><strong>in</strong></span> <span class='ocrx_word' id='word_1_226' title='bbox 335 2198 429 2240; x_wconf 87' lang='lat' dir='ltr'><strong>unum</strong></span> <span class='ocrx_word' id='word_1_227' title='bbox 452 2179 620 2242; x_wconf 87' lang='lat' dir='ltr'><strong>coniunctis</strong></span> <span class='ocrx_word' id='word_1_228' title='bbox 639 2179 828 2259; x_wconf 77' lang='lat' dir='ltr'><strong>inscripsisse</strong></span> <span class='ocrx_word' id='word_1_229' title='bbox 843 2180 982 2255; x_wconf 88' lang='lat' dir='ltr'><strong>audacius</strong></span> <span class='ocrx_word' id='word_1_230' title='bbox 996 2181 1121 2243; x_wconf 73' lang='lat' dir='ltr'><strong>fortasse</strong></span> <span class='ocrx_word' id='word_1_231' title='bbox 1136 2183 1189 2242; x_wconf 92' lang='lat' dir='ltr'><strong>sad</strong></span> <span class='ocrx_word' id='word_1_232' title='bbox 1205 2199 1263 2243; x_wconf 87' lang='lat' dir='ltr'><strong>non</strong></span> <span class='ocrx_word' id='word_1_233' title='bbox 1325 2184 1326 2271; x_wconf 63' lang='lat' dir='ltr'><strong>l</strong></span> 
     </span>
     <span class='ocr_line' id='line_1_24' title="bbox 191 2263 1264 2344; baseline -0.002 -18"><span class='ocrx_word' id='word_1_234' title='bbox 191 2265 256 2326; x_wconf 84' lang='lat' dir='ltr'><strong>sine</strong></span> <span class='ocrx_word' id='word_1_235' title='bbox 278 2263 483 2342; x_wconf 86' lang='lat' dir='ltr'><strong>probabilitate</strong></span> <span class='ocrx_word' id='word_1_236' title='bbox 506 2265 644 2326; x_wconf 87' lang='lat' dir='ltr'><strong>conicere</strong></span> <span class='ocrx_word' id='word_1_237' title='bbox 665 2264 738 2325; x_wconf 92' lang='lat' dir='ltr'><strong>mibi</strong></span> <span class='ocrx_word' id='word_1_238' title='bbox 759 2264 871 2326; x_wconf 83' lang='lat' dir='ltr'><strong>videor.</strong></span> <span class='ocrx_word' id='word_1_239' title='bbox 900 2276 980 2327; x_wconf 89' lang='lat' dir='ltr'><strong>corte</strong></span> <span class='ocrx_word' id='word_1_240' title='bbox 999 2285 1074 2326; x_wconf 86' lang='lat' dir='ltr'><strong>novo</strong></span> <span class='ocrx_word' id='word_1_241' title='bbox 1090 2274 1264 2344; x_wconf 89' lang='lat' dir='ltr'><strong>argumento</strong></span> 
     </span>
     <span class='ocr_line' id='line_1_25' title="bbox 191 2349 1263 2431; baseline 0.001 -22"><span class='ocrx_word' id='word_1_242' title='bbox 191 2349 382 2410; x_wconf 84' lang='lat' dir='ltr'><strong>confirmatur</strong></span> <span class='ocrx_word' id='word_1_243' title='bbox 411 2349 587 2412; x_wconf 88' lang='lat' dir='ltr'><strong>editionem</strong></span> <span class='ocrx_word' id='word_1_244' title='bbox 599 2350 685 2411; x_wconf 87' lang='lat' dir='ltr'><strong>cuius</strong></span> <span class='ocrx_word' id='word_1_245' title='bbox 715 2349 860 2410; x_wconf 86' lang='lat' dir='ltr'><strong>Etruscus</strong></span> <span class='ocrx_word' id='word_1_246' title='bbox 889 2351 1038 2431; x_wconf 77' lang='lat' dir='ltr'><strong>exemplar</strong></span> <span class='ocrx_word' id='word_1_247' title='bbox 1065 2358 1111 2412; x_wconf 90' lang='lat' dir='ltr'><strong>est</strong></span> <span class='ocrx_word' id='word_1_248' title='bbox 1138 2370 1201 2412; x_wconf 91' lang='lat' dir='ltr'><strong>non</strong></span> <span class='ocrx_word' id='word_1_249' title='bbox 1230 2367 1263 2411; x_wconf 79' lang='lat' dir='ltr'><strong>or</strong></span> 
     </span>
     <span class='ocr_line' id='line_1_26' title="bbox 190 2433 1264 2532; baseline 0.003 -38"><span class='ocrx_word' id='word_1_250' title='bbox 190 2433 287 2513; x_wconf 91' lang='lat' dir='ltr'><strong>ipsius</strong></span> <span class='ocrx_word' id='word_1_251' title='bbox 307 2434 438 2495; x_wconf 91' lang='lat' dir='ltr'><strong>Senecae</strong></span> <span class='ocrx_word' id='word_1_252' title='bbox 465 2452 555 2495; x_wconf 91' lang='lat' dir='ltr'><strong>mann</strong></span> <span class='ocrx_word' id='word_1_253' title='bbox 584 2435 615 2496; x_wconf 95' lang='lat' dir='ltr'><strong>in</strong></span> <span class='ocrx_word' id='word_1_254' title='bbox 642 2435 739 2496; x_wconf 89' lang='lat' dir='ltr'><strong>lucem</strong></span> <span class='ocrx_word' id='word_1_255' title='bbox 760 2434 906 2532; x_wconf 87' lang='lat' dir='ltr'><strong>prodiisse</strong></span> <span class='ocrx_word' id='word_1_256' title='bbox 928 2436 979 2497; x_wconf 89' lang='lat' dir='ltr'><strong>sed</strong></span> <span class='ocrx_word' id='word_1_257' title='bbox 1000 2436 1123 2497; x_wconf 87' lang='lat' dir='ltr'><strong>alterius</strong></span> <span class='ocrx_word' id='word_1_258' title='bbox 1142 2453 1264 2497; x_wconf 85' lang='lat' dir='ltr'><strong>manum</strong></span> 
     </span>
     <span class='ocr_line' id='line_1_27' title="bbox 189 2503 1263 2600; baseline 0.001 -21"><span class='ocrx_word' id='word_1_259' title='bbox 189 2537 305 2599; x_wconf 90' lang='lat' dir='ltr'><strong>passam</strong></span> <span class='ocrx_word' id='word_1_260' title='bbox 329 2536 524 2598; x_wconf 80' lang='lat' dir='ltr'><strong>coaequae</strong></span> <span class='ocrx_word' id='word_1_261' title='bbox 547 2537 614 2580; x_wconf 85' lang='lat' dir='ltr'><strong>curn</strong></span> <span class='ocrx_word' id='word_1_262' title='bbox 637 2519 768 2599; x_wconf 87' lang='lat' dir='ltr'><strong>singulas</strong></span> <span class='ocrx_word' id='word_1_263' title='bbox 791 2503 933 2581; x_wconf 83' lang='lat' dir='ltr'><strong>tabidas</strong></span> <span class='ocrx_word' id='word_1_264' title='bbox 925 2540 957 2581; x_wconf 89' lang='lat' dir='ltr'><strong>ro</strong></span> <span class='ocrx_word' id='word_1_265' title='bbox 983 2539 1077 2582; x_wconf 90' lang='lat' dir='ltr'><strong>unum</strong></span> <span class='ocrx_word' id='word_1_266' title='bbox 1100 2521 1263 2600; x_wconf 89' lang='lat' dir='ltr'><strong>conligeret</strong></span> 
     </span>
     <span class='ocr_line' id='line_1_28' title="bbox 191 2603 1263 2685; baseline 0.002 -21"><span class='ocrx_word' id='word_1_267' title='bbox 191 2611 272 2664; x_wconf 86' lang='lat' dir='ltr'><strong>certe</strong></span> <span class='ocrx_word' id='word_1_268' title='bbox 295 2603 424 2664; x_wconf 83' lang='lat' dir='ltr'><strong>externis</strong></span> <span class='ocrx_word' id='word_1_269' title='bbox 445 2612 558 2665; x_wconf 91' lang='lat' dir='ltr'><strong>tantum</strong></span> <span class='ocrx_word' id='word_1_270' title='bbox 582 2603 672 2666; x_wconf 90' lang='lat' dir='ltr'><strong>rebus</strong></span> <span class='ocrx_word' id='word_1_271' title='bbox 686 2604 865 2666; x_wconf 83' lang='lat' dir='ltr'><strong>adornandis</strong></span> <span class='ocrx_word' id='word_1_272' title='bbox 880 2622 1001 2683; x_wconf 85' lang='lat' dir='ltr'><strong>operam</strong></span> <span class='ocrx_word' id='word_1_273' title='bbox 1017 2605 1110 2678; x_wconf 88' lang='lat' dir='ltr'><strong>dedit;</strong></span> <span class='ocrx_word' id='word_1_274' title='bbox 1133 2605 1263 2685; x_wconf 90' lang='lat' dir='ltr'><strong>singulas</strong></span> 
     </span>
     <span class='ocr_line' id='line_1_29' title="bbox 190 2688 1262 2769; baseline 0.002 -21"><span class='ocrx_word' id='word_1_275' title='bbox 190 2688 269 2749; x_wconf 91' lang='lat' dir='ltr'><strong>enim</strong></span> <span class='ocrx_word' id='word_1_276' title='bbox 294 2688 366 2769; x_wconf 89' lang='lat' dir='ltr'><strong>quin</strong></span> <span class='ocrx_word' id='word_1_277' title='bbox 383 2688 496 2749; x_wconf 89' lang='lat' dir='ltr'><strong>Seneca</strong></span> <span class='ocrx_word' id='word_1_278' title='bbox 518 2689 675 2769; x_wconf 89' lang='lat' dir='ltr'><strong>separatim</strong></span> <span class='ocrx_word' id='word_1_279' title='bbox 697 2690 778 2751; x_wconf 80' lang='grc'><strong>000</strong></span> <span class='ocrx_word' id='word_1_280' title='bbox 793 2689 917 2750; x_wconf 83' lang='lat' dir='ltr'><strong>ediderit</strong></span> <span class='ocrx_word' id='word_1_281' title='bbox 933 2709 994 2751; x_wconf 90' lang='lat' dir='ltr'><strong>non</strong></span> <span class='ocrx_word' id='word_1_282' title='bbox 1009 2691 1127 2752; x_wconf 85' lang='lat' dir='ltr'><strong>videtur</strong></span> <span class='ocrx_word' id='word_1_283' title='bbox 1141 2690 1262 2752; x_wconf 89' lang='lat' dir='ltr'><strong>dubium</strong></span> 
     </span>
     <span class='ocr_line' id='line_1_30' title="bbox 190 2773 1326 2873; baseline 0.001 -40"><span class='ocrx_word' id='word_1_284' title='bbox 190 2790 256 2834; x_wconf 88' lang='lat' dir='ltr'><strong>csse</strong></span> <span class='ocrx_word' id='word_1_285' title='bbox 279 2780 309 2834; x_wconf 90' lang='lat' dir='ltr'><strong>et</strong></span> <span class='ocrx_word' id='word_1_286' title='bbox 331 2774 522 2835; x_wconf 86' lang='lat' dir='ltr'><strong>confirmatur</strong></span> <span class='ocrx_word' id='word_1_287' title='bbox 551 2775 666 2852; x_wconf 85' lang='lat' dir='ltr'><strong>aequali</strong></span> <span class='ocrx_word' id='word_1_288' title='bbox 697 2774 759 2836; x_wconf 88' lang='lat' dir='ltr'><strong>fere</strong></span> <span class='ocrx_word' id='word_1_289' title='bbox 788 2773 957 2836; x_wconf 70' lang='lat' dir='ltr'><strong>testimnio</strong></span> <span class='ocrx_word' id='word_1_290' title='bbox 980 2774 1153 2873; x_wconf 78' lang='lat' dir='ltr'><strong>Quintiliani</strong></span> <span class='ocrx_word' id='word_1_291' title='bbox 1177 2774 1262 2851; x_wconf 89' lang='lat' dir='ltr'><strong>(Vlll,</strong></span> <span class='ocrx_word' id='word_1_292' title='bbox 1325 2848 1326 2857; x_wconf 8' lang='grc' dir='ltr'>ἵ</span> 
     </span>
     <span class='ocr_line' id='line_1_31' title="bbox 191 2858 1326 2940; baseline -0.004 -18"><span class='ocrx_word' id='word_1_293' title='bbox 191 2859 229 2934; x_wconf 98' lang='grc'><strong>3,</strong></span> <span class='ocrx_word' id='word_1_294' title='bbox 252 2860 322 2935; x_wconf 85' lang='grc'>31),</span> <span class='ocrx_word' id='word_1_295' title='bbox 351 2858 430 2936; x_wconf 88' lang='lat' dir='ltr'><strong>quod</strong></span> <span class='ocrx_word' id='word_1_296' title='bbox 454 2859 603 2937; x_wconf 90' lang='lat' dir='ltr'><strong>quomodo</strong></span> <span class='ocrx_word' id='word_1_297' title='bbox 626 2859 662 2920; x_wconf 93' lang='lat' dir='ltr'><strong>ad</strong></span> <span class='ocrx_word' id='word_1_298' title='bbox 685 2867 798 2940; x_wconf 87' lang='lat' dir='ltr'><strong>patrem</strong></span> <span class='ocrx_word' id='word_1_299' title='bbox 820 2859 951 2921; x_wconf 79' lang='lat' dir='ltr'><strong>Senecae</strong></span> <span class='ocrx_word' id='word_1_300' title='bbox 971 2859 1025 2921; x_wconf 85' lang='lat' dir='ltr'><strong>viri</strong></span> <span class='ocrx_word' id='word_1_301' title='bbox 1051 2860 1130 2922; x_wconf 83' lang='lat' dir='ltr'><strong>docti</strong></span> <span class='ocrx_word' id='word_1_302' title='bbox 1152 2860 1262 2921; x_wconf 83' lang='lat' dir='ltr'><strong>referre</strong></span> <span class='ocrx_word' id='word_1_303' title='bbox 1325 2862 1326 2917; x_wconf 77' lang='lat' dir='ltr'><strong>l</strong></span> 
     </span>
     <span class='ocr_line' id='line_1_32' title="bbox 190 2934 1326 3023; baseline 0.003 -20"><span class='ocrx_word' id='word_1_304' title='bbox 190 2943 344 3022; x_wconf 85' lang='lat' dir='ltr'><strong>potuerint</strong></span> <span class='ocrx_word' id='word_1_305' title='bbox 364 2961 426 3004; x_wconf 90' lang='lat' dir='ltr'><strong>non</strong></span> <span class='ocrx_word' id='word_1_306' title='bbox 447 2938 634 3023; x_wconf 73' lang='lat' dir='ltr'><strong>intellegoz‘</strong></span> <span class='ocrx_word' id='word_1_307' title='bbox 642 2962 711 3006; x_wconf 85' lang='grc'><strong>000</strong></span> <span class='ocrx_word' id='word_1_308' title='bbox 738 2949 858 3007; x_wconf 75' lang='lat' dir='ltr'><strong>montet</strong></span> <span class='ocrx_word' id='word_1_309' title='bbox 881 2948 992 3006; x_wconf 74' lang='grc' dir='ltr'><strong>000οε</strong></span> <span class='ocrx_word' id='word_1_310' title='bbox 1014 2946 1167 3008; x_wconf 59' lang='lat' dir='ltr'><strong>maedam</strong></span> <span class='ocrx_word' id='word_1_311' title='bbox 1189 2950 1263 3006; x_wconf 78' lang='lat' dir='ltr'><strong>ieter</strong></span> <span class='ocrx_word' id='word_1_312' title='bbox 1325 2934 1326 2953; x_wconf 59' lang='lat'>¹</span> 
     </span>
     <span class='ocr_line' id='line_1_33' title="bbox 191 3018 1326 3110; baseline 0.002 -23"><span class='ocrx_word' id='word_1_313' title='bbox 191 3026 382 3107; x_wconf 76' lang='lat' dir='ltr'><strong>Pomponium</strong></span> <span class='ocrx_word' id='word_1_314' title='bbox 403 3039 430 3089; x_wconf 89' lang='lat' dir='ltr'><strong>ct</strong></span> <span class='ocrx_word' id='word_1_315' title='bbox 451 3027 586 3090; x_wconf 81' lang='lat' dir='ltr'><strong>Senecam</strong></span> <span class='ocrx_word' id='word_1_316' title='bbox 607 3033 693 3090; x_wconf 72' lang='lat' dir='ltr'><strong>etone</strong></span> <span class='ocrx_word' id='word_1_317' title='bbox 711 3029 946 3110; x_wconf 70' lang='lat' dir='ltr'><strong>praefationibus</strong></span> <span class='ocrx_word' id='word_1_318' title='bbox 967 3049 1026 3092; x_wconf 81' lang='lat' dir='ltr'><strong>ecce</strong></span> <span class='ocrx_word' id='word_1_319' title='bbox 1046 3040 1201 3093; x_wconf 82' lang='lat' dir='ltr'><strong>tractatum</strong></span> <span class='ocrx_word' id='word_1_320' title='bbox 1213 3021 1262 3090; x_wconf 85' lang='lat' dir='ltr'><strong>‘oo</strong></span> <span class='ocrx_word' id='word_1_321' title='bbox 1325 3018 1326 3067; x_wconf 63' lang='lat'>³</span> 
     </span>
     <span class='ocr_line' id='line_1_34' title="bbox 189 3104 1326 3211; baseline 0.004 -39"><span class='ocrx_word' id='word_1_322' title='bbox 189 3113 296 3191; x_wconf 69' lang='grc'><strong>90000</strong></span> <span class='ocrx_word' id='word_1_323' title='bbox 323 3104 467 3174; x_wconf 78' lang='lat' dir='ltr'><strong>elimioot&#39;</strong></span> <span class='ocrx_word' id='word_1_324' title='bbox 498 3117 549 3174; x_wconf 82' lang='lat' dir='ltr'><strong>io</strong></span> <span class='ocrx_word' id='word_1_325' title='bbox 559 3115 706 3192; x_wconf 72' lang='lat' dir='ltr'><strong>mopoedio</strong></span> <span class='ocrx_word' id='word_1_326' title='bbox 734 3115 792 3176; x_wconf 79' lang='lat' dir='ltr'><strong>dico</strong></span> <span class='ocrx_word' id='word_1_327' title='bbox 820 3111 1016 3211; x_wconf 78' lang='lat' dir='ltr'><strong>oportuisset.</strong></span> <span class='ocrx_word' id='word_1_328' title='bbox 1066 3115 1261 3196; x_wconf 73' lang='lat' dir='ltr'><strong>praeteriens</strong></span> <span class='ocrx_word' id='word_1_329' title='bbox 1325 3178 1326 3183; x_wconf 63' lang='grc'>,</span> 
     </span>
     <span class='ocr_line' id='line_1_35' title="bbox 190 3195 1261 3280; baseline 0.002 -23"><span class='ocrx_word' id='word_1_330' title='bbox 190 3204 289 3258; x_wconf 87' lang='lat' dir='ltr'><strong>eutem</strong></span> <span class='ocrx_word' id='word_1_331' title='bbox 310 3196 392 3258; x_wconf 87' lang='lat' dir='ltr'><strong>valde</strong></span> <span class='ocrx_word' id='word_1_332' title='bbox 415 3195 577 3259; x_wconf 89' lang='lat' dir='ltr'><strong>dolendum</strong></span> <span class='ocrx_word' id='word_1_333' title='bbox 597 3207 643 3260; x_wconf 87' lang='lat' dir='ltr'><strong>ost</strong></span> <span class='ocrx_word' id='word_1_334' title='bbox 664 3199 791 3278; x_wconf 85' lang='lat' dir='ltr'><strong>quod</strong></span> <span class='ocrx_word' id='word_1_335' title='bbox 766 3219 793 3260; x_wconf 80' lang='lat' dir='ltr'><strong>er</strong></span> <span class='ocrx_word' id='word_1_336' title='bbox 815 3199 867 3279; x_wconf 84' lang='lat' dir='ltr'><strong>qui</strong></span> <span class='ocrx_word' id='word_1_337' title='bbox 889 3200 920 3260; x_wconf 93' lang='lat' dir='ltr'><strong>in</strong></span> <span class='ocrx_word' id='word_1_338' title='bbox 950 3219 1043 3263; x_wconf 83' lang='lat' dir='ltr'><strong>unum</strong></span> <span class='ocrx_word' id='word_1_339' title='bbox 1073 3218 1183 3280; x_wconf 83' lang='lat' dir='ltr'><strong>eorpus</strong></span> <span class='ocrx_word' id='word_1_340' title='bbox 1206 3208 1261 3260; x_wconf 88' lang='lat' dir='ltr'><strong>tra-</strong></span> 
     </span>
     <span class='ocr_line' id='line_1_36' title="bbox 190 3280 1261 3364; baseline 0.002 -23"><span class='ocrx_word' id='word_1_341' title='bbox 190 3280 309 3360; x_wconf 86' lang='lat' dir='ltr'><strong>goedias</strong></span> <span class='ocrx_word' id='word_1_342' title='bbox 330 3280 462 3343; x_wconf 88' lang='lat' dir='ltr'><strong>Senecae</strong></span> <span class='ocrx_word' id='word_1_343' title='bbox 484 3283 581 3361; x_wconf 88' lang='lat' dir='ltr'><strong>coegit</strong></span> <span class='ocrx_word' id='word_1_344' title='bbox 602 3283 779 3346; x_wconf 87' lang='lat' dir='ltr'><strong>omittendae</strong></span> <span class='ocrx_word' id='word_1_345' title='bbox 800 3284 878 3346; x_wconf 89' lang='lat' dir='ltr'><strong>visae</strong></span> <span class='ocrx_word' id='word_1_346' title='bbox 904 3294 983 3347; x_wconf 86' lang='lat' dir='ltr'><strong>sunt</strong></span> <span class='ocrx_word' id='word_1_347' title='bbox 1027 3295 1158 3348; x_wconf 86' lang='lat' dir='ltr'><strong>ceterum</strong></span> <span class='ocrx_word' id='word_1_348' title='bbox 1190 3302 1261 3364; x_wconf 87' lang='lat' dir='ltr'><strong>quo·</strong></span> 
     </span>
     <span class='ocr_line' id='line_1_37' title="bbox 16 3366 1326 3449; baseline 0.001 -22"><span class='ocrx_word' id='word_1_349' title='bbox 16 3400 18 3407; x_wconf 63' lang='lat'>‹</span> <span class='ocrx_word' id='word_1_350' title='bbox 79 3382 81 3386; x_wconf 77' lang='grc'>’</span> <span class='ocrx_word' id='word_1_351' title='bbox 191 3384 320 3445; x_wconf 87' lang='lat' dir='ltr'><strong>cumque</strong></span> <span class='ocrx_word' id='word_1_352' title='bbox 340 3385 419 3428; x_wconf 92' lang='lat' dir='ltr'><strong>anno</strong></span> <span class='ocrx_word' id='word_1_353' title='bbox 442 3366 657 3438; x_wconf 84' lang='lat' dir='ltr'><strong>Quintilianum</strong></span> <span class='ocrx_word' id='word_1_354' title='bbox 680 3376 781 3431; x_wconf 92' lang='lat' dir='ltr'><strong>natum</strong></span> <span class='ocrx_word' id='word_1_355' title='bbox 803 3388 869 3430; x_wconf 89' lang='lat' dir='ltr'><strong>osse</strong></span> <span class='ocrx_word' id='word_1_356' title='bbox 885 3371 1032 3447; x_wconf 86' lang='lat' dir='ltr'><strong>statueris,</strong></span> <span class='ocrx_word' id='word_1_357' title='bbox 1055 3369 1261 3449; x_wconf 80' lang='lat' dir='ltr'><strong>praelationes,</strong></span> <span class='ocrx_word' id='word_1_358' title='bbox 1325 3376 1326 3381; x_wconf 76' lang='grc'>’</span> 
     </span>
     <span class='ocr_line' id='line_1_38' title="bbox 191 3452 1262 3535; baseline 0 -22"><span class='ocrx_word' id='word_1_359' title='bbox 191 3469 268 3532; x_wconf 82' lang='lat' dir='ltr'><strong>quae</strong></span> <span class='ocrx_word' id='word_1_360' title='bbox 295 3452 346 3513; x_wconf 92' lang='lat' dir='ltr'><strong>illo</strong></span> <span class='ocrx_word' id='word_1_361' title='bbox 374 3452 421 3514; x_wconf 87' lang='lat' dir='ltr'><strong>vel</strong></span> <span class='ocrx_word' id='word_1_362' title='bbox 447 3452 604 3515; x_wconf 91' lang='lat' dir='ltr'><strong>admodum</strong></span> <span class='ocrx_word' id='word_1_363' title='bbox 629 3453 734 3516; x_wconf 83' lang='lat' dir='ltr'><strong>iuvene</strong></span> <span class='ocrx_word' id='word_1_364' title='bbox 757 3456 994 3535; x_wconf 83' lang='lat' dir='ltr'><strong>comparuerint,</strong></span> <span class='ocrx_word' id='word_1_365' title='bbox 1024 3474 1040 3517; x_wconf 94' lang='lat' dir='ltr'><strong>a</strong></span> <span class='ocrx_word' id='word_1_366' title='bbox 1062 3456 1175 3518; x_wconf 81' lang='lat' dir='ltr'><strong>Seneca</strong></span> <span class='ocrx_word' id='word_1_367' title='bbox 1196 3457 1262 3534; x_wconf 88' lang='lat' dir='ltr'><strong>post</strong></span> 
     </span>
     <span class='ocr_line' id='line_1_39' title="bbox 192 3537 697 3619; baseline 0.002 -19"><span class='ocrx_word' id='word_1_368' title='bbox 192 3537 312 3600; x_wconf 78' lang='lat' dir='ltr'><strong>erilium</strong></span> <span class='ocrx_word' id='word_1_369' title='bbox 334 3537 459 3619; x_wconf 86' lang='lat' dir='ltr'><strong>scriptas</strong></span> <span class='ocrx_word' id='word_1_370' title='bbox 482 3557 547 3600; x_wconf 91' lang='lat' dir='ltr'><strong>esse</strong></span> <span class='ocrx_word' id='word_1_371' title='bbox 569 3545 697 3619; x_wconf 81' lang='lat' dir='ltr'><strong>oportet.</strong></span> 
     </span>
    </p>
   </div>
   <div class='ocr_carea' id='block_1_3' title="bbox 624 3826 828 3841">
    <p class='ocr_par' dir='ltr' id='par_1_3' title="bbox 624 3826 828 3841">
     <span class='ocr_line' id='line_1_40' title="bbox 624 3826 828 3841; baseline 0.005 -3"><span class='ocrx_word' id='word_1_372' title='bbox 624 3826 828 3841; x_wconf 62' lang='lat' dir='ltr'><strong>—un——nt-o—-n</strong></span> 
     </span>
    </p>
   </div>
   <div class='ocr_carea' id='block_1_4' title="bbox 0 0 1348 4482">
    <p class='ocr_par' dir='ltr' id='par_1_4' title="bbox 0 0 1348 4482">
     <span class='ocr_line' id='line_1_41' title="bbox 0 0 1348 4482; baseline 0 0"><span class='ocrx_word' id='word_1_373' title='bbox 0 0 1348 4482; x_wconf 95' lang='lat' dir='ltr'><strong> </strong></span> 
     </span>
    </p>
   </div>
  </div>
 </body>
</html>
