2686 4482
102 226 163 289 178
319 236 321 239 ’
427 245 466 287 nn
487 243 703 287 nrnursuuruvs
725 243 853 287 cumeis.

101 404 130 456 et
159 394 203 455 vel
220 408 270 455 'eo
293 393 475 473 processisse
497 394 580 475 prior
601 393 732 455 Phaedra
758 395 871 457 ridetur
896 406 931 457 ut
951 397 1067 461 felicem
1091 418 1180 478 prae·

101 479 212 540 dicaret
234 478 398 558 Pasiphaen
422 498 498 558 quae
520 476 766 559 qualemcumque
788 488 947 542 amatorem
975 492 1071 544 tamen
1095 485 1180 545 inve·

102 566 210 626 nisset:
240 565 353 625 henr.
379 567 439 628 165
535 636 538 641 Δ

199 722 201 731 ἱ
305 651 387 728 flecte
408 651 486 729 feros
508 653 634 723 ctraimos,⁸
651 647 756 729 'potuit
777 667 959 731 corrompere
981 663 1098 715 tearum

305 746 413 796 muter:
443 739 604 796 aristeum
627 739 740 797 saevior
762 735 941 814 ipsasmet

101 828 131 880 et
153 818 260 880 Phaed.
287 823 363 883 115:

611 904 732 982 imsoodo
755 904 831 965 melo

307 1000 435 1070 correpta
453 991 565 1069 pecoris
586 989 707 1071 efferum
729 993 808 1050 saeui
829 992 926 1052 ducem

306 1075 405 1136 audam
427 1077 546 1137 emostis
575 1084 675 1135 toruus
697 1077 848 1154 impatiens
870 1080 934 1154 iugi

306 1159 419 1221 adulter
440 1158 488 1219 ille
510 1159 610 1220 dumos
630 1159 766 1221 indomiti
784 1163 877 1239 gregis
898 1194 941 1204 —

306 1246 354 1306 sed
375 1242 489 1305 amabat
511 1243 637 1323 aliquid:
667 1248 730 1323 qais
751 1262 827 1305 meos
848 1248 969 1307 miserae
992 1247 1060 1307 deam

306 1340 357 1391 out
379 1334 442 1410 quis
463 1333 564 1390 iuvare
585 1328 730 1390 daedalus
751 1330 886 1407 (tammus
908 1328 1011 1411 queat?

103 1430 183 1492 vides
211 1431 267 1491 hac
288 1431 402 1491 ratione
424 1430 573 1493 Phaedrae
595 1448 694 1491 mores
717 1430 818 1509 quales
845 1431 875 1492 in
898 1430 1058 1511 Hippolyto
1081 1432 1179 1492 velato

102 1515 214 1577 fuerint
235 1517 400 1577 accuratius
423 1534 458 1576 ex
481 1515 635 1576 imitatoris
657 1515 843 1576 sententiolis
865 1524 894 1577 et
911 1516 1096 1578 acuminibus
1112 1516 1176 1577 erui

103 1611 132 1663 et
153 1600 358 1662 circumscribi
373 1619 471 1680 posse.
508 1609 623 1662 tuntum
641 1609 737 1662 autem
754 1599 904 1681 Euripidis
919 1601 1072 1681 ingenium
1089 1601 1181 1662 valuit

102 1697 135 1747 ut
156 1704 261 1746 scaena
284 1685 314 1745 in
338 1705 395 1764 qua
417 1685 548 1747 Phaedra
571 1685 731 1766 Hippolyto
754 1704 885 1746 amorem
907 1684 993 1747 surim
1018 1688 1177 1748 confitetur
1207 1706 1214 1713 ·

102 1772 137 1832 ad
161 1789 222 1832 non
245 1770 395 1850 vulgarem
417 1770 557 1832 escendat
571 1769 824 1850 pulchritudinem
839 1789 1000 1850 rerumque
1018 1772 1178 1833 affectuum

102 1857 248 1935 vigorem3
273 1856 352 1934 quod
369 1855 516 1918 Welclreri
538 1874 658 1935 quoque
680 1855 823 1916 iudicium
846 1866 891 1937 est
911 1859 954 1935 (p.
975 1858 1066 1933 744);
1089 1864 1179 1935 atque

102 1959 220 2002 versum
243 1943 304 2003 tto
338 2002 341 2008 Α

306 2023 473 2106 Hippolyte,
495 2042 572 2087 aum
593 2044 638 2087 me
659 2035 812 2106 compotem
833 2030 895 2088 uoti
914 2027 988 2105 fecis

102 2126 248 2190 hocloco
272 2127 358 2187 etiam
381 2126 539 2206 Euripides
561 2127 693 2191 scribere
715 2134 839 2206 poterat.

188 2230 290 2273 verum
319 2219 415 2274 minen
445 2231 513 2273 care
541 2213 643 2274 credas
670 2219 760 2273 totam
786 2211 901 2273 fabulae
922 2210 1123 2272 oeconomiam
1146 2218 1178 2271 et

102 2316 223 2360 scaenas
245 2297 355 2377 pariter
377 2305 499 2359 cunctas
521 2298 557 2359 ab
580 2296 723 2377 Euripide
746 2296 888 2372 Senecam
910 2305 1076 2357 mutuatum
1099 2312 1176 2356 esse.

102 2401 135 2446 ac
157 2383 286 2464 primum
310 2382 427 2462 quidem
451 2401 519 2445 cum
542 2382 672 2445 Senecae
695 2400 830 2443 scaenam
852 2400 879 2441 v.
899 2382 939 2445 85
962 2398 1006 2459 sq.
1028 2379 1175 2440 ad‘lluri-
1220 2411 1223 2417 ·

102 2469 179 2549 pidis
207 2467 374 2547 exemplum
405 2469 603 2546 conscriptam
634 2487 699 2529 esse
729 2466 977 2541 intellexerimus,
1007 2483 1070 2527 eam
1100 2483 1179 2544 quae

102 2554 238 2634 sequitur
258 2555 462 2630 (asa-405)
492 2553 549 2614 hoc
576 2554 679 2614 saltem
702 2552 767 2613 loco
790 2552 888 2613 bonus
909 2560 996 2631 poeta
1019 2551 1178 2631 conlocare

102 2659 164 2701 non
188 2639 295 2719 potuit.
333 2637 384 2699 sed
407 2657 473 2699 cum
489 2638 651 2699 Phaedram
673 2637 841 2716 languidam
859 2636 890 2697 in
905 2636 1014 2697 lectulo
1031 2635 1177 2697 iacentem

103 2733 133 2786 et
146 2724 319 2786 ancillarum
335 2732 422 2785 coetu
439 2723 648 2785 circumdatam
664 2723 696 2784 in
711 2722 811 2801 priore
824 2721 983 2801 Hippolyto
999 2740 1060 2782 non
1076 2721 1178 2781 minus

103 2826 191 2890 quam
213 2809 244 2870 in
267 2809 356 2871 altera
364 2811 404 2882 2²)
429 2809 604 2888 descriptam
619 2809 711 2870 tuisse
734 2826 768 2869 er
791 2806 980 2886 sarcophagis
1002 2805 1116 2867 eluceat
1131 2805 1180 2865 his

103 2904 216 2957 tantum
239 2913 345 2974 parum
368 2894 486 2956 dextere
508 2913 581 2956 usus
604 2912 669 2956 esse
686 2893 801 2955 ridetur
817 2900 846 2954 et
860 2892 984 2953 sortasse
1000 2909 1035 2952 ex
1052 2890 1181 2953 nutricis
1203 2892 1212 2919 ’

104 2981 272 3042 narratione
300 2980 331 3040 in
362 2979 511 3041 Phaedrae
540 2996 707 3040 sermonem
736 2979 866 3060 vertisse.
910 2984 1085 3055 sequentem
1108 2993 1179 3035 vero
1240 3002 1248 3011 -

103 3083 239 3127 scaenam
262 3082 337 3143 quae
360 3065 508 3129 nutricem
526 3064 656 3127 ostendit
670 3063 830 3143 Hippolyto
853 3060 1040 3142 persuadere,
1056 3060 1178 3121 studeri·

103 3161 161 3212 tem
191 3159 226 3211 ut
252 3150 361 3213 victum
390 3151 478 3211 nimis
506 3158 657 3213 austerum
682 3150 826 3228 deponat,
862 3155 952 3208 totam
982 3165 1020 3221 ex,
1047 3145 1181 3207 Senecae

104 3235 221 3298 officina
250 3234 385 3313 prodisse
406 3242 520 3297 certum
543 3241 595 3296 est.
622 3233 749 3295 ¹etenim
772 3232 803 3294 in
826 3231 986 3311 Hippolyto
1008 3230 1101 3292 relato
1123 3247 1181 3308 per

104 3320 251 3383 nutricem
267 3319 426 3400 Hippolyto
448 3319 744 3384 aPhaedralitteras
764 3317 868 3379 missas
884 3336 958 3391 esse,
981 3314 1089 3394 quibus
1104 3332 1177 3373 con·

103 3405 206 3487 loquio
228 3405 306 3466 inter
328 3423 484 3467 novercam
507 3414 536 3466 et
557 3403 726 3485 privignum
749 3402 974 3483 proluderetur,
997 3400 1083 3461 fidem
1110 3398 1182 3459 lacit

105 3501 248 3554 nontam
271 3490 365 3552 Ovidii
388 3490 512 3572 epistula
536 3509 624 3571 quam
646 3488 837 3569 sarcophagi,
863 3487 972 3566 quihus
994 3504 1055 3546 non
1078 3485 1182 3545 minus

105 3595 193 3657 quam
215 3575 376 3657 parietibus
393 3575 581 3656 Pompeianis
600 3575 793 3655 Hippolytum
814 3573 939 3635 velatum
963 3569 1179 3650 repraesentari

105 3663 176 3723 olim
198 3662 394 3724 demonstrari
409 3660 520 3742 poterit
534 3679 601 3722 cum
618 3668 784 3739 exoptatum
800 3657 1051 3737 sarcophagorum
1068 3673 1182 3734 corpus

192 3845 225 3904 22)
243 3846 477 3910 v.171-202sq.;
496 3844 527 3896 cl.
547 3841 664 3895 Senam
684 3846 709 3894 et
725 3842 782 3895 Eur.
796 3846 858 3901 135;
877 3839 935 3893 Seu.
946 3842 995 3892 358
1009 3841 1035 3891 et
1047 3839 1105 3891 Eur.
1121 3841 1181 3899 itm

104 3911 164 3965 Seu.
183 3914 234 3965 366
258 3916 286 3964 et
302 3913 360 3965 Eur.
382 3916 442 3971 trt;
469 3910 527 3963 Seu.
547 3914 595 3964 366
619 3911 807 3971 etEur.183;
835 3910 895 3963 Seu.
915 3911 964 3963 394
989 3914 1015 3961 et
1039 3907 1096 3959 Eur.
1115 3907 1182 3966 tum

104 3980 165 4032 Seu.
183 3982 232 4032 403
251 3984 277 4030 et
293 3980 351 4030 Eur.
369 3983 431 4039 tim
459 3977 518 4033 Seu.
538 3982 587 4032 396
606 3987 632 4030 et
649 3978 706 4030 llur.
720 3976 783 4032 ’226
