2648 4478
164 193 205 254 70
533 209 570 250 on
592 206 722 250 1111111
742 204 866 250 111111.

164 358 328 421 offensione
359 357 490 421 decurrit
517 376 573 419 neo
599 357 769 420 habendum
794 364 840 419 est
860 356 940 418 inter
961 355 1114 418 deteriora.
1159 354 1248 416 beati
1309 422 1310 439 χ

162 444 371 524 praedicantur
393 442 502 523 quibus
525 461 592 504 cunr
608 444 726 504 lortnna
741 441 870 504 secunda
886 450 915 504 et
929 441 1003 504 uitae
1017 442 1106 504 finem
1122 457 1247 520 ponere
1309 450 1310 505 l

162 529 247 590 facile
270 528 316 590 sit.
354 547 386 590 se
407 528 520 608 patriae
542 528 717 608 superstites
738 528 770 588 in
792 527 962 590 servitutem
988 526 1066 602 duci,
1089 525 1246 587 Trachina
1309 528 1310 611 ]

162 613 247 690 alias,
276 613 346 676 alias
374 614 469 692 Argos
497 612 647 675 Thebasve
675 612 770 674 natale
797 611 935 674 Herculis
963 611 1114 692 oppidum.
1167 609 1245 671 inde
1309 632 1310 691 3

162 697 278 759 occasio
307 697 372 760 data
402 706 446 760 est
473 698 647 759 horribilem
676 696 812 759 Herculis
845 696 1004 777 imaginem
1036 693 1242 776 depingendi:

163 801 251 863 quem
274 800 342 844 cum
364 784 470 844 iratum
492 782 634 857 viderint,
663 790 741 845 tutas
767 801 799 843 se
821 800 838 842 a
860 783 997 860 fortunae
1019 780 1135 843 iniuriis
1157 798 1243 855 esse,

161 868 288 949 amplius
309 867 423 929 scilicet
443 868 511 929 mali
534 868 608 929 nihil
630 875 751 929 restare.
785 866 847 927 lole
870 885 930 928 non
947 885 1105 928 commune
1118 874 1243 926 tantum
1309 878 1310 925 ῑ

161 951 212 1013 sed
241 963 271 1014 et
298 952 443 1031 privatum
471 953 528 1014 sibi
553 952 750 1014 intortunium
776 951 896 1014 mudum
919 951 1059 1013 excedere
1082 949 1240 1031 queritur:
1309 950 1310 953 ’

161 1055 223 1098 111
246 1037 383 1098 sulficere
406 1057 438 1099 se
459 1038 548 1099 tantis
570 1037 702 1098 cladibus
725 1036 910 1117 plangendis,
934 1036 992 1098 nisi
1014 1036 1155 1116 querulae
1174 1034 1241 1095 avis
1309 1060 1310 1107 1

161 1122 261 1201 specie
282 1122 430 1184 induatur.
471 1124 581 1183 chorus
602 1121 732 1201 denique
753 1122 790 1183 ad
812 1121 986 1183 sententiam
1009 1120 1105 1200 primo
1126 1119 1198 1180 loco
1223 1138 1241 1180 a
1309 1122 1310 1215 l

96 1224 102 1233 ·
160 1225 193 1268 11
215 1206 357 1285 prolatam
380 1206 544 1286 respiciens
566 1225 652 1268 casus
674 1208 774 1268 animo
794 1224 889 1285 aequo
904 1206 984 1267 ferre
998 1206 1163 1267 secundum
1180 1204 1241 1265 bo·
1309 1218 1310 1279 l

160 1308 233 1351 num
261 1309 326 1352 esse
353 1292 472 1354 indicat.
518 1292 597 1372 quod
628 1292 659 1353 in
688 1292 745 1353 hoo
775 1291 905 1353 carmine
934 1290 1148 1370 reprehendam
1172 1308 1240 1350 non
1309 1302 1310 1379 g

159 1375 270 1436 habeo:
293 1377 443 1455 singulare
466 1395 532 1438 esse
554 1376 679 1438 vidimus
705 1379 763 1439 151
787 1376 1021 1456 monosyllabum
1044 1376 1076 1436 in
1098 1375 1159 1436 dne
1180 1393 1241 1454 po·

159 1460 265 1536 situm;
280 1469 470 1540 anapaestum
485 1481 511 1521 1.
531 1463 589 1526 185
604 1461 729 1523 similem
745 1461 775 1522 in
792 1460 840 1522 Hi.
857 1461 958 1521 haberi
973 1461 1108 1522 diximus.
1131 1478 1157 1520 1.
1171 1461 1238 1523 213
1309 1526 1310 1539 ¹

154 1563 209 1625 pro
233 1545 265 1606 in
284 1546 411 1611 Etrusco
434 1547 528 1608 omitti
551 1565 675 1609 moneo:
699 1564 875 1626 quamquam
897 1546 983 1608 facile
1005 1544 1077 1607 illud
1100 1546 1239 1606 ierimus.

243 1649 286 1691 11.
313 1633 449 1695 1-235
478 1632 569 1710 igitur
597 1631 622 1693 si
648 1632 729 1711 ipsos
751 1639 866 1692 tantum
889 1638 1005 1710 spectes
1028 1649 1089 1690 non
1112 1637 1157 1690 est
1180 1648 1240 1691 our
1309 1648 1310 1707 j

157 1714 289 1776 Senecae
312 1716 528 1778 abiudicentur.
559 1715 610 1778 sed
629 1717 672 1777 rei
687 1715 776 1777 cardo
791 1716 823 1776 in
838 1733 943 1777 scaena
958 1715 1094 1794 sequenti
1109 1714 1239 1776 vertitur
1309 1736 1310 1767 2

158 1817 233 1879 qnae
256 1801 388 1861 continet
411 1802 558 1862 nutricem
582 1801 659 1862 inter
683 1807 712 1861 et
729 1800 896 1862 Deianiram
918 1801 954 1862 de
970 1799 1106 1861 Herculis
1127 1800 1237 1860 inlide-

157 1883 237 1945 litate
267 1885 368 1946 unoris
397 1885 439 1946 ira
468 1886 577 1946 amoris
606 1884 738 1946 remedio
767 1885 969 1964 conloquium.
1013 1885 1087 1946 haec
1116 1903 1237 1960 scaena,
1309 1914 1310 1917 ¹

156 1967 248 2029 totius
269 1968 437 2048 tragoediae
460 1970 524 2031 sine
547 1970 637 2032 dubio
661 1970 830 2049 gravissima
853 1979 883 2031 et
904 1970 989 2049 quasi
1011 1976 1110 2048 caput,
1137 1987 1237 2048 quan·
1309 1968 1310 1971 ’

156 2059 260 2132 topere
275 2073 291 2115 a
307 2053 501 2133 sequentibus
517 2055 655 2116 omnibus
671 2054 784 2116 differat
799 2056 880 2134 quod
895 2056 991 2116 adhuc
1006 2055 1081 2116 nulli
1096 2055 1238 2135 apparuit
1309 2072 1310 2117 3

157 2156 218 2199 non
240 2138 323 2200 valde
345 2139 452 2214 miror;
476 2141 589 2202 scilicet
610 2159 665 2219 per
680 2158 820 2201 versuum
837 2141 896 2201 duo
911 2140 991 2202 milia
1006 2140 1060 2202 ista
1075 2140 1236 2201 eluctantis
1309 2176 1310 2211 ;

156 2222 298 2283 iudicium
322 2223 440 2286 horrida
463 2225 493 2285 in
516 2224 641 2288 infinitis
663 2224 836 2302 ambagibus
859 2225 1011 2287 sterilitate
1034 2224 1160 2285 obtundi
1179 2244 1236 2286 ne·

156 2324 239 2367 cesse
262 2315 315 2368 est.
343 2315 390 2368 at
411 2310 540 2371 Senecae
561 2310 634 2371 boni
656 2310 784 2371 rhetoris
806 2308 946 2385 virtutes,
978 2328 1052 2389 quae
1075 2310 1106 2370 in
1129 2318 1234 2389 poste·

156 2392 235 2453 riore
257 2391 373 2455 fabulae
395 2401 479 2473 parte
501 2394 716 2471 desiderantur,
740 2395 770 2456 in
791 2395 892 2475 priore
908 2413 1013 2456 omnes
1028 2393 1234 2475 reperiuntur.

155 2477 228 2538 furit
249 2477 368 2555 quidem
390 2477 527 2540 Deianira
549 2486 578 2541 et
600 2479 725 2554 insanit3
749 2478 801 2541 sed
824 2480 850 2541 si
866 2480 932 2560 quis
947 2479 1141 2559 conloquium
1156 2498 1235 2559 pan·
1309 2486 1310 2525 l

156 2578 226 2640 gere
254 2561 311 2622 sibi
339 2563 497 2643 proposuit
519 2564 597 2625 inter
619 2582 741 2625 uxorem
765 2564 877 2644 paelice
904 2565 1023 2626 domum
1045 2565 1234 2626 111111111-

156 2653 269 2707 rentem
293 2648 500 2727 nutricemque
523 2648 749 2726 obloquentem,
779 2650 885 2711 melius
907 2651 962 2711 ista
983 2657 1076 2711 aetate
1098 2664 1161 2709 rem
1184 2649 1234 2710 in-

155 2730 277 2793 stituere
309 2750 369 2794 non
401 2733 508 2812 potnit.
554 2735 694 2810 omnino,
725 2734 750 2794 si
779 2735 850 2813 quid
880 2734 911 2795 in
939 2734 986 2795 his
1016 2734 1106 2795 rebus
1126 2733 1235 2795 iudicii

155 2834 296 2879 sensusve
317 2817 428 2894 habeo,
458 2820 509 2898 qui
531 2819 652 2881 alteram
673 2826 786 2899 partem
809 2819 987 2900 conscripsit
1009 2818 1076 2881 stilo
1098 2819 1195 2880 utitur
1216 2838 1233 2880 a

155 2901 268 2963 Seneca
298 2903 511 2979 diversissimo,
541 2904 592 2982 qui
623 2904 751 2982 priorem
781 2905 899 2982 gemino
925 2905 1012 2984 plane
1035 2913 1064 2966 et
1086 2913 1232 2981 cognato:
1309 2928 1310 2937 ¹

155 2985 307 3047 rhetorum
336 2987 423 3048 ludos
451 2996 577 3067 uterque
605 2989 741 3068 sapiunt,
772 2990 822 3050 sed
853 3001 885 3051 ut
914 2989 987 3050 alter
1009 3008 1043 3049 er
1062 2988 1169 3064 Arelli,
1196 3007 1234 3050 ex
1309 2996 1310 3021 l

154 3069 285 3132 Murredi
308 3071 377 3131 ludo
400 3072 474 3134 alter
496 3072 668 3152 provenisse
689 3072 831 3135 videatur.
1008 3066 1013 3077 '
1038 3072 1041 3079 ’
1309 3096 1310 3103 “

239 3154 269 3216 id
297 3155 468 3234 singillatim
496 3158 637 3236 persequi
663 3157 767 3219 lectori
790 3158 1020 3239 relinquendum
1043 3164 1100 3231 est;
1130 3175 1232 3219 meum

153 3247 199 3300 est
227 3240 372 3301 alllrmare
401 3259 506 3303 eornm
534 3238 611 3321 quae
639 3243 675 3304 de
704 3244 923 3323 comprobanda
950 3243 1040 3304 huius
1062 3242 1233 3321 tragoediae
1309 3314 1310 3323 χ

154 3323 267 3386 diversa
291 3325 406 3403 origine
427 3334 458 3387 et
479 3326 629 3388 attulimus
652 3335 680 3388 et
701 3328 817 3390 adlerre
839 3328 988 3409 possimus
1009 3345 1158 3408 perpauca
1173 3345 1232 3389 nec
1309 3326 1310 3379 l

155 3428 171 3469 e
194 3409 377 3488 gravioribus
399 3410 449 3472 illa
471 3412 506 3472 ad
529 3412 606 3472 hanc
628 3422 740 3491 partem
764 3414 923 3494 pertinere.
954 3420 1042 3492 atque
1063 3424 1139 3474 11111
1155 3410 1232 3473 Her·

152 3493 214 3556 carle
236 3515 262 3555 1.
279 3498 341 3560 406
364 3514 380 3557 1
402 3497 523 3557 nomine
542 3514 649 3576 graeco
667 3497 886 3561 excusationem
904 3497 993 3560 habet
1010 3499 1107 3576 (seror
1126 3497 1233 3560 obruto

153 3598 179 3639 v.
205 3582 265 3643 757
289 3599 350 3642 non
374 3582 466 3659 item).
500 3590 590 3643 restat
608 3582 739 3662 perbibat
759 3583 888 3662 feramus
908 3588 1014 3646 11111.
1039 3585 1098 3646 557
1123 3584 1233 3662 atsere

152 3682 209 3744 pro
230 3666 334 3744 sercou
356 3685 382 3725 1.
400 3668 438 3728 57
442 3669 477 3741 4;
501 3667 624 3728 omnino
642 3675 739 3729 autem
756 3669 820 3729 eins
835 3670 954 3747 generis
969 3668 1151 3747 argumentis
1167 3685 1230 3728 non

153 3747 209 3809 alio
239 3750 363 3811 consilio
394 3770 466 3813 usus
494 3770 560 3817 sum
587 3751 645 3813 nisi
666 3761 701 3815 ut
723 3754 870 3833 graviora,
899 3771 975 3833 quae
997 3752 1109 3814 scilicet
1130 3752 1231 3833 ipsunt

152 3833 306 3914 scriptoris
320 3835 474 3914 ingenium
491 3843 520 3898 et
534 3837 673 3899 carminis
685 3846 820 3900 naturam
832 3847 999 3918 tangerent,
1014 3837 1229 3918 supplerentur

152 3924 183 3979 et
202 3917 390 3981 fulcirentur.
435 3921 508 3982 haec
530 3922 555 3984 si
577 3922 719 3985 deficiunt
740 3922 790 3985 illa
812 3924 886 3987 nihil
909 3925 1014 3986 valent.
1060 3924 1143 4002 atqui
1167 3931 1229 3985 sto-
