2648 4478
14 2410 15 2447 l

14 2460 16 2503 l

14 2666 15 2673 l

14 2724 16 2735 t

153 952 272 1014 Scaenae
295 951 352 1012 suh
374 949 602 1012 Phoenissarum
626 952 747 1014 nomine
769 953 800 1014 in
818 952 955 1031 Etrusco,
978 954 1135 1017 Thebaidis

79 1038 106 1098 iu
125 1036 299 1117 interpolatis
314 1035 398 1097 libris
413 1035 586 1097 coniunctas
602 1055 658 1098 nec
673 1055 763 1099 unam
778 1038 957 1116 tragoediam
973 1058 1029 1101 nec
1045 1040 1135 1102 unius

79 1123 226 1200 tragoediae
254 1122 419 1200 fragmenta
449 1140 514 1182 esse
543 1120 654 1183 dadum
676 1122 857 1184 intellectum
880 1132 925 1184 est
946 1133 976 1185 et
996 1142 1135 1205 compro·

78 1206 161 1268 hatum
182 1227 198 1269 a
218 1206 382 1269 Schmidtio
396 1205 536 1267 Richtero
552 1206 754 1269 Hahruckero.
784 1209 841 1269 iam
857 1209 995 1270 omnihus
1010 1228 1134 1289 persua·

79 1310 131 1352 sunt
151 1300 249 1354 est-
264 1311 326 1353 non
349 1309 524 1372 persuasum
546 1290 675 1352 Braunio
693 1292 769 1354 Mus.
785 1292 881 1354 Rhen.
898 1293 949 1354 llll
964 1313 995 1374 p.
1010 1296 1069 1357 271
1089 1313 1134 1374 sq.

79 1377 189 1439 -haec
209 1377 336 1439 duarum
359 1395 424 1438 esse
447 1376 664 1456 tragoediarum
687 1378 779 1453 initia,
803 1379 909 1458 Oedipi
928 1379 1079 1441 cuiusdam
1104 1387 1133 1441 et

78 1459 306 1537 Phoenissam,
335 1471 386 1523 aut
414 1461 613 1540 perfectarum
634 1461 704 1522 olim
728 1482 803 1543 quae
825 1462 1008 1526 Habrucheri
1030 1465 1132 1544 opinio

79 1554 119 1622 est,
138 1559 186 1610 aut
207 1547 454 1627 perficiendarum
478 1565 553 1626 quae
574 1546 703 1626 Peiperi.

145 1640 231 1712 atque
254 1632 436 1694 diversorum
459 1631 508 1693 illa
531 1650 595 1693 esse
612 1640 854 1711 argumentorum
869 1640 987 1711 praeter
1001 1634 1130 1696 rationes

77 1716 165 1777 arinis
186 1718 282 1778 doctis
303 1717 412 1778 adlatas
434 1735 469 1777 eo
492 1717 634 1778 docemur
656 1718 737 1796 quod
758 1717 789 1778 in
811 1718 943 1778 seeundo
965 1718 1131 1797 fragmento

78 1817 126 1861 non
146 1803 320 1881 Antigonam
349 1810 463 1863 tantum
495 1809 524 1862 et
545 1802 698 1878 Ismenen,
728 1803 779 1863 sed
808 1809 837 1863 et
862 1803 960 1881 ipsum
983 1803 1130 1884 Oedipum

77 1882 169 1948 Thebis
190 1895 377 1948 occaecatum
398 1886 495 1947 vivere
517 1906 578 1947 non
601 1887 685 1948 aliter
706 1904 794 1967 quam
810 1888 840 1949 in
856 1887 1028 1951 Phoenissis
1042 1889 1131 1950 Euri·

77 1969 142 2046 pidia
162 1981 189 2034 et
210 1971 295 2035 Statii
317 1971 466 2033 Thebaide
487 1972 695 2050 praesumitur.
739 1972 804 2034 vide
826 1976 887 2036 550

670 2067 745 2118 totus
764 2057 816 2119 hoc
836 2062 987 2129 exercitus,

260 2141 311 2204 hoc
327 2141 454 2222 populus
475 2145 576 2212 omnio,
598 2152 720 2222 utroque
740 2142 791 2203 boc
811 2144 884 2204 vidit
904 2161 987 2204 soror

259 2231 443 2306 penetrtcpae
464 2227 553 2287 vidit:
580 2237 753 2306 compater
774 2227 853 2289 dehet
874 2227 929 2290 siha·

260 2312 335 2391 quod
356 2315 411 2374 isto
433 2330 492 2372 nort
512 2315 656 2391 spectauit.

77 2409 138 2470 ergo
158 2394 180 2454 si
201 2414 260 2457 non
284 2415 403 2458 caecum
427 2415 459 2456 se
481 2395 656 2457 reddidisset
678 2405 824 2476 spectaret
845 2398 908 2459 ista.

150 2497 172 2538 v.
188 2481 247 2542 622
488 2482 559 2542 vade
581 2493 609 2543 et
630 2481 661 2543 td
682 2481 786 2544 bellom
806 2501 871 2561 perc

258 2569 291 2627 tn
312 2584 367 2646 pto
384 2578 470 2647 poter
490 2577 635 2645 materque
652 2571 798 2646 menanti
818 2567 872 2629 taba·

259 2653 360 2731 [come
375 2655 487 2730 possiet

14 2778 15 2781 ,
77 2734 142 2811 quod
162 2735 255 2797 dicere
278 2737 420 2798 locastam
441 2735 612 2797 memineris
626 2743 783 2816 postquam
798 2744 859 2796 tres
873 2753 968 2797 annos
983 2735 1040 2796 iam
1056 2754 1128 2797 exu-

14 2812 16 2843 ⁷
75 2816 133 2879 lavit
149 2818 301 2900 Polynices
324 2823 398 2899 (370
421 2825 489 2900 sap).
530 2820 628 2899 itaque
657 2839 699 2883 vv.
724 2821 860 2884 1-362
889 2829 919 2880 et
947 2821 1127 2883 363—664

14 2914 16 2993 ᾗ
75 2902 146 2964 nullo
165 2905 280 2967 vinculo
295 2906 375 2967 inter
389 2924 420 2966 se
436 2924 562 2967 conexas
578 2923 718 2967 essenon
732 2905 832 2965 minus
851 2912 964 2966 certum
980 2912 1024 2965 est
1039 2922 1126 2982 quam

14 3002 16 3057 ξ
76 2986 181 3067 abipso
203 2991 316 3053 Seneca
340 2999 369 3052 et
390 2993 446 3052 hos
468 2999 498 3051 et
518 2990 585 3052 illos
608 2991 754 3068 originem
775 2989 922 3066 habere.¹)

145 3076 296 3137 coniunxit
317 3094 439 3139 scaenas
461 3076 525 3137 illas
547 3084 576 3137 et
591 3075 820 3136 Phoenissarum
840 3075 961 3137 nomine
976 3073 1128 3155 inscripsit

14 3228 15 3231 Ἴ
77 3156 117 3232 qui
139 3161 249 3239 primus
278 3179 384 3222 novem
412 3162 543 3222 Senecae
570 3160 788 3237 tragoediarum
818 3178 928 3240 corpus
950 3159 1126 3240 composuit.

14 3288 16 3293 .
77 3243 139 3317 quod
158 3264 211 3307 nec
233 3245 270 3307 ah
288 3246 354 3325 ipso
370 3247 484 3308 Seneca
498 3264 554 3307 nec
569 3245 633 3306 rivo
649 3244 762 3307 Seneca
776 3245 885 3307 lactum
901 3264 965 3308 esse
984 3246 1014 3307 id
1028 3245 1127 3325 ipsum

76 3340 227 3402 argumento
257 3339 312 3392 ost.
356 3331 527 3411 supervenit
554 3329 748 3409 interpolator
776 3340 806 3393 et
833 3331 1127 3415 tragoediamuchoro

76 3422 202 3476 carentem
232 3425 262 3476 et
289 3415 321 3476 in
349 3417 449 3495 priore
474 3425 558 3495 parte
580 3415 616 3476 ah
638 3414 789 3495 Euripidis
810 3415 981 3478 Phoenissis
1003 3431 1126 3493 prorsus

147 3598 163 3660 ¹)
186 3615 235 3667 qua
259 3600 291 3651 de
313 3615 341 3652 re
363 3615 421 3652 cum
445 3600 502 3654 aliis
524 3601 564 3652 sui
586 3602 643 3652 aevi
661 3601 722 3653 viris
740 3599 845 3652 eruditis
863 3598 1005 3651 Bentleium
1023 3611 1126 3664 quoqne

76 3658 186 3719 dubitasse
202 3668 335 3720 adnotatio
352 3667 384 3719 ad
402 3667 461 3720 Hor·
478 3684 554 3722 serm.
573 3669 608 3733 11,
626 3672 723 3733 3,‹303
741 3668 817 3721 docet
830 3665 958 3727 ‘Scaeam
977 3668 1032 3717 eiua
1053 3666 1125 3716 altus

73 3734 383 3796 pouo‚an1³n00nnsn’.
409 3737 527 3788 nimirum
545 3736 626 3790 solida
645 3737 728 3790 adhuc
744 3735 885 3789 habebatur
903 3733 1043 3802 tragoedia.
1070 3748 1127 3800 per-

75 3799 134 3850 norit
154 3807 233 3856 anum
256 3804 369 3857 Senecae
392 3805 536 3871 tragoedias
561 3805 704 3871 Bentleius,
732 3804 800 3872 quod
830 3803 889 3856 inde
917 3803 1031 3870 conligas
1057 3803 1127 3870 quod

74 3867 208 3923 omniafere
225 3886 291 3939 quae
308 3871 353 3925 ille
371 3887 403 3924 ex
420 3872 524 3925 lloratio
542 3875 651 3940 sumpsit
668 3874 724 3953 ipse
744 3873 842 3933 attulit;
870 3887 962 3939 nempe
980 3871 1126 3923 emendarit

74 3945 141 3996 paene
157 3938 229 3991 nihil:
247 3941 317 3994 uude
334 3941 449 4008 conligas
466 3942 493 3993 in
511 3947 659 4009 contemptu
678 3942 735 3994 illas
752 3941 821 4010 apud
838 3940 981 3994 Bentleium
1003 3940 1090 3992 luisse.
