2648 4478
447 233 493 274 nn·
506 230 637 277 mursa
659 232 783 278 onrado.
842 201 844 206 ’
1113 221 1154 284 53

21 434 22 437 ,
99 383 141 444 lici
157 380 239 462 posse
259 382 466 445 existimarem.
510 401 619 464 nempe
649 386 714 447 eius
736 386 854 464 generis
876 402 1080 470 quaecumque
1102 391 1154 453 ad-

97 468 157 530 lerri
183 476 306 548 possunt
334 469 485 530 neminem
506 478 620 548 cogunt
641 481 675 531 ut
696 490 713 532 a
734 472 857 532 dirersis
878 473 1049 537 auctoribus
1071 475 1154 536 locos

21 574 22 627 j
96 554 164 615 inter
192 573 222 615 se
249 562 435 633 comparatos
467 555 640 635 provenisse
666 556 818 618 concedat.
868 577 924 620 nec
952 558 1025 622 mibi
1053 560 1155 625 videor

21 680 23 715 p
96 638 144 700 tale
162 638 315 718 quicquam
338 638 561 719 comprobasse:
590 641 788 720 comprobavi,
811 641 841 705 id
865 644 945 722 quod
969 662 1056 707 nemo
1079 664 1153 709 cou-

21 736 23 781 ῑ
96 723 187 786 cedere
206 743 266 786 non
288 732 402 804 potest,
431 724 588 786 Herculem
612 725 772 802 Oetaeum,
802 727 828 788 si
856 747 873 789 a
902 729 1015 790 Seneca
1045 732 1156 810 scripta

21 786 23 895 l
95 808 141 885 sit,
160 818 224 889 post
243 809 374 889 reliquas
394 811 578 889 tragoedias,
602 810 703 872 saltem
725 821 795 890 post
816 811 973 875 Herculem
995 815 1153 891 furentem,

94 894 218 974 scriptam
240 913 315 957 csse.

21 1050 22 1053 Ἴ
167 998 223 1059 quo
246 980 410 1042 constituto
432 979 510 1041 ultra
525 981 665 1059 progredi
680 980 763 1056 lieet3
786 981 898 1045 scilicet
913 982 1022 1044 bonam
1036 984 1153 1060 frugem

21 1072 23 1127 ζ
93 1063 142 1126 iam
161 1083 194 1126 cr
215 1084 251 1128 eo
273 1064 442 1144 disputandi
463 1083 575 1144 genere
593 1066 744 1145 capiemus
762 1070 822 1147 quo
837 1068 1014 1148 plerumque
1030 1069 1153 1131 omnino

21 1184 23 1223 2
94 1149 158 1211 nihil
178 1150 311 1212 efficitur.
346 1149 613 1212 demonstrabimus
635 1159 734 1213 autem
756 1152 846 1215 huius
867 1153 1034 1232 tragoediae
1056 1154 1154 1234 serip-

21 1300 23 1307 >
93 1243 175 1295 torem
200 1235 351 1296 bominem
378 1234 513 1314 ineptum
543 1253 608 1296 esse
638 1244 667 1296 et
694 1236 833 1298 stolidum
861 1247 983 1318 totoque
1013 1238 1094 1301 caelo
1117 1238 1153 1300 ab

21 1360 22 1363 ,
95 1317 215 1381 Herculis
236 1319 364 1383 furentis
387 1326 516 1393 auctore,
540 1319 653 1382 tumido
675 1321 794 1400 quidem
817 1331 846 1384 et
867 1323 975 1395 efflato,
998 1323 1049 1384 sed
1065 1334 1152 1386 acuto

95 1404 183 1465 eodem
204 1423 259 1467 nec
280 1423 419 1484 perverse
442 1404 590 1482 cogitante
611 1413 767 1469 remotum.
805 1414 920 1487 poterat
936 1416 1033 1469 extare
1048 1408 1153 1489 aliquis

95 1485 232 1552 aedicere
253 1489 353 1551 iuveni
375 1497 479 1569 poetae
502 1491 636 1551 nondum
658 1491 689 1552 in
710 1492 768 1553 boe
783 1510 892 1570 genere
908 1494 1064 1554 exercitato
1080 1512 1153 1555 con-

96 1574 215 1636 donanda
236 1593 301 1636 esse
323 1593 398 1654 quae
420 1574 579 1655 vituperari
602 1573 743 1638 debeant:
766 1576 796 1636 id
818 1578 899 1655 quod
915 1577 1020 1639 cadere
1037 1578 1069 1637 in
1085 1595 1154 1638 enm

97 1659 186 1738 nequit
207 1660 257 1740 qui
280 1661 337 1720 iam
359 1659 490 1738 priorem
513 1660 672 1722 Herculem
694 1662 905 1739 composuerit.

167 1754 250 1824 atque
272 1740 407 1825 perlegas
429 1745 454 1805 si
477 1744 573 1823 placet
593 1745 740 1807 canticum
756 1746 836 1824 quod
852 1754 897 1807 est
910 1744 980 1806 inde
995 1765 1011 1806 a
1025 1766 1051 1806 v.
1072 1748 1148 1810 1031

21 1866 22 1871 κ
97 1836 119 1887 et
128 1831 278 1908 praecipue
289 1830 326 1890 de
338 1828 459 1908 Orpheo
471 1829 671 1892 narrationem
690 1832 909 1904 mec—toea,
925 1831 960 1891 de
976 1850 1034 1910 qua
1049 1849 1153 1910 quam·

98 1928 170 1990 quam
196 1932 256 1976 non
288 1915 386 1976 omnia
415 1922 495 1975 recte
525 1915 683 1994 disputavit
702 1916 863 1978 Goebelius
886 1916 1031 1993 (Huetzel.
1054 1917 1152 1978 annal.

77 2043 80 2047 .
97 1995 160 2074 llll,
174 2002 232 2065 738
247 2003 314 2080 sq.),
336 2000 445 2061 sufficit
458 2009 558 2061 tamen
575 1999 667 2061 semel
689 2001 922 2063 demonstratum
946 2019 1010 2063 esse
1025 2009 1154 2081 mianto-

97 2098 156 2160 pere
175 2085 312 2147 carminis
333 2093 436 2146 auctor
457 2084 589 2164 ineptiae.
627 2085 729 2147 eadem
752 2102 878 2148 censura
900 2085 1054 2151 Deianirae
1074 2086 1152 2148 Her-

98 2168 160 2230 culis
184 2179 307 2231 mertem
335 2170 391 2230 sibi
419 2169 625 2248 exprobrantis
652 2170 789 2248 morique
820 2171 994 2234 destinantis
1026 2172 1154 2234 lamenta

21 2280 22 2321 3
98 2256 279 2334 persequaris.
323 2273 416 2335 pauca
438 2263 567 2334 tangant.

21 2344 22 2351 ’
167 2358 191 2400 r.
207 2341 268 2405 842
686 2341 799 2419 sactum
821 2352 861 2403 est
882 2341 979 2403 scelus.

281 2432 385 2485 nomos
405 2427 525 2504 reposcit
546 2423 686 2505 luppiter,
709 2424 784 2489 luno
807 2426 971 2498 aemulum

282 2509 443 2570 reddendae·
462 2509 528 2570 orbi
548 2520 606 2572 cet:
629 2511 704 2591 qued
719 2521 811 2591 potes,
832 2513 915 2574 redde
935 2510 1045 2587 cobibe,

282 2603 328 2655 eut
345 2613 401 2674 per
420 2604 503 2656 crtus
524 2599 599 2657 ensis
620 2606 737 2657 enectus
758 2606 844 2658 meos.

100 2675 119 2735 si
138 2677 230 2757 superi
252 2678 412 2741 Herculem
434 2688 613 2758 reposcunt,
642 2698 704 2741 non
726 2692 772 2742 est
793 2680 948 2744 Deianirae
970 2678 1068 2740 scelus
1092 2697 1152 2759 quo

101 2761 204 2835 occidit;
226 2764 307 2843 quod
322 2763 387 2825 orbi
410 2763 493 2826 illum
515 2765 699 2827 reddendum
721 2775 807 2844 putat
828 2784 889 2827 non
913 2772 957 2824 est
975 2781 1075 2825 curse
1089 2764 1155 2843 ipsa

100 2844 250 2911 interliciat:
275 2867 310 2908 eo
332 2858 384 2909 aut
404 2867 532 2928 poenam
555 2849 648 2911 solvat
668 2857 720 2911 aut
741 2849 837 2910 doleri
855 2847 1014 2912 satisfaciat
1028 2856 1061 2908 ut
1076 2866 1152 2926 quae

100 2930 151 2991 sine
170 2933 217 2993 illo
233 2934 331 2995 vivere
352 2942 491 3013 nequeat.
521 2934 572 2994 sed
591 2935 663 2995 dixit
683 2934 784 3015 potius
806 2935 886 3013 quod
901 2933 974 2993 dixit
989 2930 1058 3010 quia
1073 2931 1154 3012 puti-

101 3013 129 3075 do
147 3018 300 3081 cacozeliae
322 3036 432 3101 genere
454 3017 602 3080 abstinere
625 3039 685 3081 non
709 3018 820 3101 potuit:
849 3016 1008 3080 Herculem
1029 3016 1155 3080 reddere

101 3100 201 3180 nequis;
229 3102 321 3167 redde
349 3103 439 3180 igitur
466 3105 547 3182 quod
575 3112 677 3184 potes:
707 3106 879 3185 poenam³l
923 3104 975 3164 sed
1001 3103 1154 3164 audiamus

102 3201 160 3262 quae
177 3197 334 3251 secuntur:
354 3185 439 3249 ‘ense
461 3207 509 3250 me
530 3189 684 3251 trucidabo
691 3207 703 3264 ;¹
724 3198 753 3250 at
775 3189 864 3251 nimis
883 3189 955 3250 haec
970 3206 1068 3267 poena
1083 3186 1155 3249 levis

100 3277 145 3345 est;
173 3291 208 3334 an
230 3273 308 3334 loris
330 3272 453 3335 fulmine
476 3271 631 3336 occidam?
653 3275 726 3354 quin
750 3274 814 3353 ipsa
836 3273 945 3353 potius,
968 3292 1007 3334 ne
1029 3272 1074 3333 dis
1089 3291 1154 3332 mo-

98 3350 156 3416 lesta
174 3358 255 3434 fiam,
277 3358 391 3421 terrum
414 3359 581 3438 occupab03
612 3359 664 3420 sed
687 3377 742 3420 cur
762 3356 898 3421 terrum?
927 3358 963 3418 de
984 3375 1060 3435 rupe
1082 3374 1154 3436 pro-

98 3438 176 3501 siliam
196 3452 224 3506 et
244 3442 403 3525 multiplici
424 3453 520 3505 morte
534 3437 657 3524 peribo'.
684 3435 769 3506 ‘levis
783 3463 844 3506 una
858 3461 936 3505 mors
953 3452 1048 3503 est-
1064 3437 1156 3504 leuis?

98 3535 122 3584 ut
137 3530 246 3590 cotanda·
261 3524 381 3608 poteat'.
423 3526 511 3605 (Oed.
534 3530 596 3593 948
626 3531 701 3611 quod
723 3548 805 3609 saepe
826 3529 894 3610 sieri
912 3536 1081 3608 coeperest
1101 3526 1155 3607 pict

99 3607 155 3686 bb).
181 3613 278 3692 pergit
299 3631 390 3675 sensu
412 3613 501 3693 plane
523 3610 614 3674 abre
636 3614 748 3675 alieno:
772 3615 874 3693 elipere
890 3615 981 3673 nesae
998 3615 1094 3672 anime
1108 3612 1158 3672 cui

98 3693 139 3755 telo
157 3697 269 3760 incubas
291 3699 379 3777 (Oed.
398 3701 479 3764 1038
501 3697 604 3778 elo’pere
624 3703 714 3760 nescis
735 3699 871 3774 vulnus);
894 3697 978 3757 dein:

167 3829 250 3894 ⁸laec
264 3835 345 3898 'piget
362 3848 378 3882 a
393 3832 501 3882 Peribis
518 3848 535 3882 o
554 3832 649 3896 paritas
665 3830 786 3882 nondum
804 3846 904 3897 poenas
921 3832 1077 3896 repetiimus
1095 3843 1156 3878 acea

21 3992 22 3995 Ἴ
98 3900 245 4020 ΙςὶἷενοῙιόοηῧ
252 3899 339 3952 hercle
356 3905 465 3952 venuste
482 3904 509 3950 at
527 3899 676 3951 concinnius
693 3913 792 3966 suoque
809 3899 867 3951 loco
883 3898 948 3950 dixit
970 3895 1067 3949 Seneca
1085 3908 1156 3948 cons.

151 4004 157 4017 .
205 4006 212 4032 ,
247 4007 254 4021 .
