2648 4478
442 177 486 243 ‚pa
508 178 637 221 uxucvnx
660 178 783 222 osxxno.
1115 164 1156 226 49

108 330 173 390 banc
183 326 297 391 fabulam
313 347 380 390 cum
397 327 520 407 reliquis
536 329 714 391 consentire.
738 329 818 409 quod
833 330 960 393 docuere
976 331 1156 397 Schmidtius

109 413 245 479 Muellerus
266 412 424 475 Richterus
447 413 506 473 alii.

169 492 233 560 viam
244 498 434 560 munitiorem
444 498 545 558 lorsan
556 497 726 561 indicaverit
738 498 897 563 Richterus
907 518 974 562 cum
986 500 1035 578 (de
1043 500 1156 569 Seneca
1200 544 1203 553 .
1281 516 1286 523 ¹

106 593 182 663 tragg.
201 592 273 645 auct.
296 603 326 664 p.
344 585 397 661 30)
420 583 573 644 contendit
594 582 731 645 Herculis
747 583 848 647 Oetaei
869 596 985 665 poetam
1000 581 1106 651 ‘multa
1121 606 1157 649 ex

104 668 270 743 aliislabulis‚
281 668 419 747 inprimis
432 687 467 728 ex
479 667 607 728 Hercule
617 669 727 748 priore,
743 669 774 729 in
791 687 877 732 usum
890 689 977 733 suum
994 672 1156 735 convertis·

103 748 144 813 se'.
158 754 245 815 attulit
257 773 313 815 nec
324 754 415 815 multa
427 773 483 814 nec
495 752 592 830 gravia
604 771 660 814 nec
671 754 780 832 quibus
791 754 921 816 imitator
933 764 1154 836 coargueretur.

101 857 128 899 ac
145 839 202 899 iure
222 839 334 918 optimo
356 838 491 899 obiecere
513 837 567 898 viri
589 839 666 898 docti
682 838 777 900 solere
793 847 822 901 et
843 841 874 901 in
897 840 1020 920 reliquis
1038 841 1155 918 sabulis,

22 944 24 991 i
99 924 251 1002 praesertim
268 923 320 987 ubi
331 925 367 985 de
382 922 631 985 rebus‘similibus
646 930 759 1002 agatur,
771 934 864 987 semet
878 926 977 1005 ipsum
989 926 1155 991 exscribere

22 1008 24 1089 g
97 1008 232 1070 Senecam.
262 1017 292 1070 at
314 1029 352 1071 ne
371 1008 408 1069 ab
423 1008 481 1069 ulla
498 1016 582 1087 parte
597 1009 797 1086 deterreamur
813 1028 869 1089 qua
886 1010 1069 1088 adgredienti
1083 1011 1155 1075 boni

96 1101 202 1154 eventus
216 1112 285 1173 spes
307 1093 531 1177 qualiscumque
554 1094 649 1168 detur,
671 1092 829 1156 videndum
852 1107 897 1157 est
918 1114 956 1157 an
979 1096 1155 1159 certioribus

22 1196 24 1245 ῑ
95 1177 196 1240 indiciis
217 1179 372 1241 imitatoris
394 1197 525 1259 operam,
547 1178 572 1239 si
595 1197 652 1256 qua
675 1188 727 1251 est,
751 1180 974 1259 deprehendere
995 1183 1154 1262 possimus.

22 1252 24 1337 ῗ
168 1281 235 1342 ergo
258 1282 320 1343 quo
341 1264 441 1325 minus
462 1262 570 1325 affabre
593 1263 751 1343 exemplari
773 1282 827 1326 suo
850 1284 923 1327 usus
945 1267 1001 1328 erit
1026 1286 1061 1328 eo
1083 1267 1155 1330 laci·

22 1344 24 1385 ³
94 1346 142 1408 lius
160 1348 312 1410 imitatoris
327 1367 446 1410 manum
463 1366 639 1427 cognoscas:
661 1366 781 1428 semper
796 1350 936 1413 nimirum
958 1351 1023 1413 eius
1036 1352 1155 1431 generis

95 1432 156 1494 locis
182 1433 346 1496 duriusculi
373 1434 510 1517 quiddam
538 1433 583 1494 vel
614 1433 733 1494 obscuri
762 1442 791 1495 et
818 1435 949 1497 contorti
978 1437 1154 1499 inhaerebit.

97 1517 213 1596 qualibus
234 1520 261 1580 si
283 1538 316 1580 aa
338 1514 426 1580 verba
446 1518 586 1579 adbibere
607 1518 741 1597 potueris
763 1538 780 1580 e
802 1519 911 1598 quibus
934 1522 1064 1601 expressi
1084 1522 1153 1597 sint,

22 1656 23 1659 ,
96 1601 153 1663 inde
172 1603 266 1666 lucem
289 1604 468 1684 accipientes
489 1604 661 1665 fatebuntur
684 1603 839 1680 originem.
883 1605 912 1665 id
935 1606 1083 1684 quomodo
1106 1607 1154 1667 in-

98 1687 227 1753 tellectum
250 1689 338 1750 velim
359 1687 511 1771 inlustrari
534 1707 595 1749 non
618 1688 716 1768 aptius
731 1688 841 1767 poterit
856 1707 943 1767 quam
960 1690 1102 1775 exemplis
1118 1711 1154 1753 ex

99 1769 209 1836 Hercule
231 1774 340 1836 Oetaeo
363 1774 497 1855 sumptis.
538 1793 563 1832 v.
589 1774 685 1836 1048:

282 1859 399 1945 abrupit
420 1858 548 1938 scopulos
569 1857 655 1920 Athos
743 1878 745 1881 ·

286 1946 444 2007 Centauros
466 1943 558 2005 obiter
577 1945 686 2022 serens.

22 2032 24 2039 ’
103 2029 207 2089 accurrit
226 2029 318 2091 Athos
348 2040 381 2091 ut
408 2030 487 2090 inter
512 2026 797 2107 auditoresOrpbci
821 2027 964 2090 considat.
1008 2029 1152 2092 editiones

103 2109 141 2172 diu
159 2115 304 2193 occuparit
318 2115 399 2193 quod
416 2113 556 2175 Aventius
571 2113 738 2175 coniecerat
754 2110 906 2175 Centauris
921 2115 1032 2176 ebitum
1044 2117 1150 2194 serens.

22 2262 24 2265 ,
103 2193 140 2256 ille
158 2198 179 2258 si
196 2199 378 2261 meminisset
403 2199 461 2259 loci
483 2198 534 2277 qui
558 2205 603 2260 est
624 2197 672 2259 Ht.
689 2198 751 2262 968

483 2302 557 2344 saara
579 2303 643 2344 cum
664 2282 744 2345 siluis
764 2281 861 2360 fe'rcm

22 2438 24 2441 ¹
243 2371 448 2449 ·rcpa'umque
470 2369 573 2431 deutra
590 2368 678 2448 plena
702 2366 853 2429 Centauris
878 2372 947 2447 iupa
997 2381 1000 2386 ’

22 2492 23 2501 .
102 2446 277 2532 vidissetque
299 2452 365 2514 leco
389 2454 447 2513 orti
468 2460 569 2514 essent
591 2452 730 2514 Centauri
753 2471 820 2513 oum
845 2453 970 2532 rupibus
994 2453 1031 2514 ad
1057 2464 1151 2516 vatem

22 2570 23 2577 .
103 2533 294 2599 ambulantibus
318 2539 470 2599 commode
493 2538 596 2599 eodem
619 2537 745 2599 deducti.

182 2624 256 2686 1293
483 2627 559 2685 inter
581 2625 711 2702 e'nfernos
734 2623 811 2683 lucrm

277 2726 422 2788 possessus
442 2719 509 2770 utre
530 2720 610 2769 nocte
631 2727 695 2769 cum
715 2709 778 2786 fato
801 2709 872 2768 steti.

104 2783 130 2845 ll.
139 2787 263 2853 Heinsius
279 2792 409 2853 scribere
424 2793 517 2853 voluit
527 2792 661 2865 obsessus,
674 2801 755 2853 recto
767 2791 885 2854 iudicio.
902 2808 969 2850 nam
983 2790 1019 2852 de
1029 2791 1150 2853 h‘omine

102 2872 232 2937 maledici
253 2877 347 2939 sensit
369 2877 449 2958 quod
471 2884 538 2957 apte
561 2878 596 2939 de
618 2879 707 2940 rebus
730 2874 837 2937 dicitur
859 2872 906 2934 Hi.
935 2875 997 2938 282
1019 2887 1046 2937 et
1067 2877 1151 2956 quid-

103 2958 156 3035 pu'd
171 2972 231 3023 utra
251 2974 332 3024 nocte
349 2981 509 3042 possessum
531 2962 607 3024 latet.
630 2963 726 3024 'aliter
748 2979 773 3021 θ.
791 2978 818 3040 g.
834 2958 886 3021 Sil.
903 2958 954 3036 ΙΙΙ,
977 2962 1038 3024 423
1063 2959 1151 3035 (Her-

103 3043 168 3120 odes)
184 3066 326 3126 possessus
346 3046 462 3109 licccbo.

179 3133 256 3196 1347
279 3144 528 3212 agnoscendum
551 3150 605 3193 ora
626 3133 695 3212 quid
715 3132 806 3210 flectis
827 3140 903 3192 retro

280 3218 447 3300 uultumque
470 3214 597 3296 mergis?

100 3298 199 3361 bunut
224 3300 323 3367 locum
345 3299 380 3365 N.
404 3302 544 3365 Heinsius
572 3300 729 3363 scribendo
757 3305 850 3380 carpis
873 3296 1050 3381 (vultumque
1071 3319 1151 3361 mce-

100 3397 152 3443 rcas
163 3383 203 3462 Α).
231 3396 260 3449 at
282 3388 362 3466 quod
383 3406 454 3449 sane
469 3406 530 3449 non
546 3399 613 3467 apte
628 3386 738 3448 dictum
754 3396 799 3448 est
812 3389 918 3464 rumpis
933 3387 1025 3460 (recte
1041 3383 1151 3459 Statius
1265 3465 1268 3470 Ι

102 3463 157 3527 dixit
176 3471 233 3531 silv.
257 3472 300 3548 ΙΙ,
325 3475 359 3546 1,
382 3473 445 3535 209
471 3485 497 3535 et
519 3472 595 3534 tellis
615 3490 741 3533 mesum
763 3471 841 3532 lanu
863 3474 960 3550 caput)
983 3468 1072 3548 elegit
1094 3469 1150 3530 sibi

100 3558 126 3610 ut
141 3557 254 3619 variaret
277 3558 493 3638 quodammodo
515 3556 596 3637 qued
617 3556 726 3637 legitur
748 3555 796 3616 lli.
816 3556 896 3618 1173
919 3573 971 3616 cur
984 3573 1061 3617 meos
1080 3553 1150 3619 rta-

100 3651 149 3698 tctu
166 3641 239 3721 fugit
255 3655 394 3724 paterque
415 3641 534 3706 vabus?
564 3662 617 3706 oro
639 3661 691 3703 cur
712 3642 836 3703 cendum
857 3636 946 3702 suos?

179 3728 255 3789 1392
482 3739 582 3806 surget
602 3726 668 3789 baiae
690 3726 769 3788 illinc
789 3745 890 3788 narnus

282 3824 417 3903 ortusque
439 3824 552 3875 nostros
574 3814 664 3875 ductas
686 3816 813 3874 inmittat
835 3809 931 3872 Sinis.-

281 3916 398 3978 spcrsus
419 3898 514 3960 silebo.

140 3995 178 4040 laec
190 3999 215 4043 da
227 4003 319 4046 Senecae
332 4005 458 4056 tragoediis.
932 3997 949 4046 4
