2790 4494
181 248 222 311 82
565 267 593 309 n.
615 267 722 310 aunam
743 267 870 310 sennenn

181 423 226 479 est
247 417 322 479 alius
344 417 408 479 istis
430 424 534 480 noster
555 416 586 478 in
609 416 688 478 silvis
710 416 804 493 loeus,

181 502 233 582 qui
255 521 302 563 me
325 501 464 581 reposcit,
487 502 569 563 huno
590 509 688 582 petam
712 521 802 564 eursu
824 502 934 578 ineit03

181 605 242 648 non
265 587 418 650 haesitabit
439 604 570 666 gressus,
592 587 652 648 huo
674 587 755 648 omni
781 587 855 649 duee

180 672 325 752 spoliatus
346 672 405 734 ibo.
450 671 521 750 quid
543 689 645 733 moror
668 673 753 734 sedes
774 669 878 733 meas?

180 766 316 833 mortem,
340 754 507 831 Cithaeron,
529 756 620 819 redde
642 764 671 818 et
692 756 855 838 hospitium
876 756 949 818 mihi

180 841 254 904 ittud
267 860 375 904 meum
398 841 530 916 restitue,
557 850 591 903 ut
612 842 742 922 expirem
765 860 857 903 senex

181 926 233 987 ubi
255 927 344 989 debui
366 927 473 988 intans.
518 926 618 1007 recipe
640 927 821 1007 supplicium
844 934 937 990 vetus.

181 1029 299 1092 semper
321 1020 444 1073 eruente
466 1029 550 1072 saeve
573 1012 701 1073 erudelis
722 1013 816 1088 ferox,

182 1114 250 1158 eum
272 1095 382 1158 verinis
404 1103 433 1157 et
455 1115 523 1159 oum
545 1097 652 1176 parvis,
678 1096 748 1157 olim
771 1095 828 1157 iam
850 1105 934 1158 tuum

181 1191 226 1244 est
246 1182 304 1242 hoo
326 1181 462 1243 oadaver:
486 1198 594 1261 perage
616 1182 785 1243 mandatum
807 1181 910 1262 patris,

181 1267 237 1328 iam
262 1275 290 1327 et
311 1266 422 1328 matris.
467 1266 584 1327 animus
606 1267 694 1345 gestit
715 1266 836 1346 antiqua
859 1266 964 1345 exequi

181 1350 337 1431 supplicia.
383 1350 454 1430 quid
476 1369 535 1426 me,
557 1359 635 1426 nata,
656 1353 798 1432 pestifero
820 1359 906 1413 tenes

181 1453 281 1497 amore
302 1433 456 1497 vinetum?
479 1436 550 1515 quid
572 1433 679 1499 tenes?
701 1436 819 1517 genitor
840 1446 932 1498 vocat.

181 1538 301 1601 sequor,
324 1539 443 1600 sequor,
466 1521 524 1581 iam
546 1540 635 1601 parve
657 1555 697 1566 —
721 1521 917 1601 sanguineum
940 1539 1048 1600 gerens

181 1604 298 1686 insigne
320 1607 405 1686 regni
427 1605 516 1667 Laius
537 1607 615 1686 rapti
636 1606 723 1682 furit3

182 1710 220 1752 en
242 1709 321 1767 eone,
344 1690 448 1752 inanes
470 1690 608 1752 manibus
630 1692 745 1754 infestis
767 1691 841 1772 petit

181 1775 315 1855 foditque
336 1775 444 1837 vultus.
487 1783 564 1850 nata,
587 1777 751 1854 genitorem
773 1773 877 1837 vides?

182 1879 237 1940 ego
259 1860 353 1922 video.
398 1859 515 1922 tandem
538 1861 675 1940 spiritum
698 1861 851 1922 inimicum
874 1878 979 1940 expue‚

182 1946 316 2007 desertor
337 1945 444 2018 anime,
467 1946 552 2007 tortis
573 1946 604 2006 in
628 1954 741 2024 partem
764 1945 817 2007 tui.

182 2030 284 2092 omitte
305 2048 420 2109 poenae
442 2030 723 2110 languidas-longae
748 2048 847 2092 moras

181 2123 368 2194 mortemque
389 2122 480 2176 totam
502 2115 638 2191 admitte3
663 2117 734 2195 quid
757 2116 859 2195 segnis
880 2115 964 2176 traho

183 2200 261 2280 quod
284 2197 371 2260 vivo?
394 2198 508 2261 nullum
531 2202 628 2263 tacere
650 2200 707 2262 iam
729 2218 851 2281 possum
874 2201 981 2263 scelus.

182 2301 304 2366 possum
327 2283 427 2360 miser,
450 2285 588 2363 praedico
610 2319 650 2328 -
674 2285 791 2346 diseede
813 2304 830 2346 a
851 2294 944 2365 patre,

182 2369 310 2446 diseede,
332 2367 423 2449 virgo.
468 2370 556 2431 timeo
578 2378 647 2449 post
669 2378 792 2431 matrem
815 2370 923 2432 omnia.

426 2543 429 2547 ¹
462 2578 468 2589 s
493 2520 688 2583 ANTIGONA

267 2622 317 2684 Vis
339 2623 432 2699 nulla,
453 2624 579 2702 genitor,
601 2642 618 2684 a
639 2630 692 2685 tuo
715 2631 845 2685 nostram
869 2642 990 2687 manum

182 2726 308 2788 corpore
331 2708 465 2781 resolvet,
490 2727 577 2769 nemo
599 2727 647 2770 me
671 2710 807 2771 comitem
830 2708 884 2770 tibi

181 2793 287 2873 eripiet
310 2812 458 2873 umquam.
504 2792 630 2855 Labdaci
653 2795 760 2856 claram
784 2795 914 2867 domum,
947 2866 951 2869 ¹

182 2878 324 2958 opulenta
344 2879 424 2939 terro
447 2896 538 2958 regna
561 2879 694 2958 germani
715 2887 818 2960 petant
838 2912 881 2924 -

181 2982 250 3045 pars
272 2980 386 3025 summa
407 2982 515 3043 magno
538 2966 629 3044 patris
652 2985 668 3026 e
689 2983 784 3045 regno
806 2982 871 3026 mea
894 2972 948 3038 est,

181 3057 266 3130 pater
286 3048 358 3128 ipse.
404 3067 464 3109 non
488 3049 570 3110 huno
590 3050 704 3112 auferet
726 3050 816 3111 irater
837 3049 909 3109 mihi

181 3133 321 3194 Thebana
342 3141 426 3212 rapto
450 3142 566 3214 sceptra
589 3135 640 3214 qui
664 3152 756 3212 regno
779 3143 871 3209 tenet,

182 3236 244 3296 non
268 3217 348 3278 hune
370 3227 499 3279 catervas
521 3219 595 3281 aiter
616 3218 767 3298 Argolicas
789 3236 896 3296 agens;

182 3321 244 3365 non
266 3302 291 3362 si
313 3302 429 3363 revulso
452 3303 587 3383 luppiter
608 3304 718 3364 mundo
741 3311 826 3364 tonet

181 3388 370 3466 mediumque
393 3395 512 3449 nostros
534 3388 646 3450 fulmen
669 3389 700 3450 in
723 3407 818 3450 nexus
841 3386 933 3462 eadat,

1228 3399 1257 3450 dd

267 3591 298 3642 31
318 3592 431 3640 montem
450 3589 475 3639 A
560 3591 594 3641 42
617 3591 643 3639 et
661 3588 762 3640 eoceA
847 3591 882 3643 44
902 3589 1055 3655 Antigonae
1073 3589 1155 3640 datur
1172 3590 1205 3642 A.
1223 3619 1256 3628 —-

181 3672 246 3711 exue
263 3659 288 3708 A
357 3660 390 3710 45
411 3655 435 3708 d.
454 3657 554 3709 animae
571 3656 589 3707 f.
607 3656 765 3723 inpotentem
784 3656 821 3707 tui
840 3657 865 3707 Ε
933 3660 967 3711 46
985 3671 1082 3725 poenas
1100 3656 1117 3708 l.
1135 3657 1153 3710 l.
1170 3673 1257 3710 morae

182 3726 257 3776 codd.
276 3728 397 3776 convenit
416 3723 524 3776 Gratim
595 3728 626 3777 47
649 3740 682 3776 m.
701 3728 719 3776 t.
737 3724 830 3792 reoipe.
867 3724 927 3792 quid
946 3741 967 3778 s.
984 3730 1003 3778 t.
1022 3727 1047 3776 A
1081 3740 1115 3777 m.
1134 3729 1152 3777 t.
1170 3724 1257 3793 reoip'e

180 3792 294 3845 admitte.
321 3792 382 3859 quid
395 3794 478 3845 stin*
530 3796 563 3846 48
582 3792 642 3860 quid
655 3793 731 3844 codd.
749 3797 868 3844 admonit
883 3793 1032 3846 Gronovius
1084 3796 1116 3846 52
1136 3795 1258 3846 comitem

165 3860 219 3911 ¹tui
236 3862 261 3911 A
330 3865 362 3914 55
380 3862 465 3928 magni
483 3861 507 3912 Ε
525 3864 646 3913 eorrevit
662 3860 817 3925 Madvigius
835 3863 894 3915 adv.
912 3863 948 3927 II,
966 3863 1016 3915 115
1037 3861 1073 3928 (p.
1093 3876 1143 3914 una
1162 3877 1257 3930 magno

183 3926 342 3992 Gronovius)
377 3944 436 3995 pars
457 3944 550 3995 magna
569 3929 650 3996 patris
667 3929 764 3996 optimo
786 3943 865 3996 regno
884 3934 948 3996 (opt.
966 3945 1018 3982 er.
1037 3931 1180 3995 Aventius)
1198 3946 1257 3983 mea

181 3997 220 4045 est
237 3995 262 4044 A
331 3999 362 4047 dt
380 4002 466 4063 raptro
484 3997 509 4047 Ε
578 4001 610 4051 58
628 3997 669 4050 hie
686 3997 712 4048 A
780 3999 812 4051 59
831 4003 902 4052 tonet
918 3999 943 4049 Ε
