2790 4494
599 219 773 264 Pflunulssass

149 366 223 428 iliud
245 386 362 431 eruore.
407 388 511 450 magna
534 371 680 451 praesagit
701 370 775 433 mala

148 460 291 533 paternus
314 454 440 516 animus.
486 455 559 518 iacta
581 457 638 517 iarn
660 464 731 518 sunt
753 459 864 521 semina

150 538 239 599 eladis
260 540 395 601 futurae:
419 542 572 620 spernitur
593 543 670 622 parti
693 542 781 617 fides3

148 623 198 684 hic
220 632 364 704 occupato
387 626 491 687 cedere
512 626 639 706 imperio
661 636 758 705 negat,

148 708 197 771 ius
217 708 267 770 ille
290 719 320 773 et
340 709 390 770 ieri
413 711 540 772 foederis
561 719 651 772 testes
674 712 745 773 deos

148 793 266 855 invocat
288 802 318 856 et
339 796 434 874 Argus
457 797 524 857 exui
546 804 634 876 atque
656 797 746 858 urbes
767 808 864 860 movet

58 942 61 945 ,
149 878 252 940 Graias
274 880 305 940 in
327 898 423 941 arma:
447 900 508 942 non
533 881 603 942 ieris
626 881 711 942 fessis
733 884 813 943 venit

148 964 236 1025 ruina
258 963 381 1040 Thebis3
405 965 460 1026 tela
483 966 616 1027 flammae
637 966 759 1028 vulnera

148 1049 262 1110 instant
282 1058 312 1111 et
332 1050 396 1111 istis
419 1051 444 1111 si
466 1051 545 1131 quod
568 1058 613 1112 est
634 1051 728 1112 maius
754 1052 872 1127 malum,

147 1141 183 1194 ut
204 1153 268 1196 esse
291 1135 407 1214 genitus
430 1154 518 1197 neme
541 1155 601 1198 non
626 1155 729 1197 exure
751 1138 832 1198 sciat.

148 1238 243 1280 areale.
303 1220 334 1281 Si
357 1220 448 1295 nulia,
471 1221 597 1299 genitur,
621 1239 707 1282 eausa
729 1222 844 1284 vivendi
866 1222 918 1285 tibi
942 1236 985 1287 est

148 1303 221 1365 haee
244 1322 302 1366 una
324 1304 442 1367 abunde
465 1313 518 1380 est,
541 1315 575 1368 ut
597 1314 682 1385 pater
704 1316 788 1369 natos
811 1326 897 1388 regas

148 1390 275 1467 graviter
296 1390 440 1452 furentes.
484 1396 517 1451 tu
539 1391 621 1471 impii
646 1391 714 1452 belli
737 1393 832 1453 ruinas

148 1482 279 1536 avertere
301 1494 380 1537 unus
402 1484 495 1555 tuque
516 1477 674 1537 vaeeurdes
696 1485 781 1557 potes

147 1559 283 1621 inhibere
304 1561 436 1634 iuvenes,
460 1560 572 1622 civibus
594 1580 696 1640 pacem
720 1561 799 1638 dare,

148 1645 259 1723 patriae
281 1646 421 1724 quietem,
442 1645 554 1706 foederi
576 1646 656 1707 laese
678 1647 776 1708 fidem.

147 1729 234 1791 vitam
256 1729 310 1791 tibi
333 1730 397 1810 ipse
419 1730 444 1791 si
467 1748 566 1809 negas,
589 1731 690 1792 multis
713 1750 814 1811 negas.

149 1832 243 1876 onnus.
287 1814 349 1876 lllis
370 1817 503 1895 parentis
524 1816 604 1878 ullus
625 1826 676 1878 aut
697 1817 783 1897 aequi
807 1827 852 1880 est
873 1837 965 1898 amor,

148 1899 239 1960 avidis
261 1901 376 1961 cruoris
398 1900 504 1980 imperi
527 1919 677 1962 armerum
701 1902 770 1979 duli,

148 1983 229 2057 diris,
252 1986 393 2060 scelestis,
415 1985 542 2048 breviter
564 1995 598 2048 ut
620 1987 713 2047 dicam
736 2021 780 2031 —
800 1987 897 2051 meis?

148 2077 264 2131 uertant
284 2070 315 2131 in
339 2089 427 2132 omne
449 2071 564 2133 sasinus
585 2079 616 2132 et
636 2073 722 2152 pensi
747 2072 822 2134 nihil

149 2154 272 2231 ducunt,
295 2154 345 2217 ubi
368 2155 450 2236 ipsos
473 2156 515 2217 ira
538 2157 715 2237 praecipites
737 2157 805 2235 agit,

148 2239 290 2318 nefasque
313 2240 427 2302 nullum
448 2260 503 2321 per
526 2242 608 2302 nefas
631 2243 690 2304 nati
714 2251 829 2322 putant.
879 2282 881 2289 ·

149 2342 210 2385 nun
233 2326 329 2405 patris
348 2326 415 2387 iilos
436 2327 531 2406 tangit
553 2327 652 2387 aidieli
675 2327 782 2407 pudor,

147 2427 209 2471 nen
231 2411 340 2489 patria:
363 2429 457 2491 reguo
479 2419 585 2491 peetus
606 2414 763 2472 attonitum
790 2413 870 2475 furit.
951 2434 955 2443 ’

148 2494 210 2555 seio
232 2513 292 2573 quo
314 2495 459 2572 ferantur,
482 2505 589 2576 quanta
612 2497 708 2558 moliri
731 2509 846 2577 parent,

147 2579 274 2659 ideoque
295 2579 345 2641 leli
368 2599 478 2660 quaero
501 2589 643 2643 mutumne
666 2582 740 2643 viam

147 2665 283 2745 morique
305 2683 446 2747 propero,
469 2667 538 2727 dum
561 2667 592 2727 iu
616 2666 702 2726 dumo
725 2684 813 2728 nemo
840 2676 885 2730 est
905 2687 969 2731 mea

147 2750 304 2811 nocentior
324 2769 381 2812 me.
426 2758 502 2825 nata,
525 2752 596 2831 quid
618 2751 745 2830 genibus
766 2752 838 2813 meis

146 2834 201 2895 fles
223 2832 380 2896 advoluta?
402 2836 473 2917 quid
495 2855 584 2915 preee
606 2836 782 2897 indomitum
808 2836 930 2899 demas?

146 2937 242 2979 unum
263 2921 320 2981 hue
342 2921 429 2983 babet
450 2921 569 2982 senuna
593 2939 652 3000 quo
675 2921 786 3001 possim
810 2924 884 3003 capi,

147 3003 274 3065 invictus
295 3005 374 3067 aliis:
397 3005 458 3069 sola
480 3017 514 3069 tu
536 3007 658 3069 affectus
680 3015 766 3087 potes

987 1274 995 1304 2

147 3087 263 3150 mollire
285 3089 386 3168 durus,
408 3092 470 3152 suia
493 3092 631 3171 pietatem
653 3092 685 3152 in
708 3092 796 3153 domo

147 3174 254 3236 docere
276 3183 386 3237 nostra.
432 3175 474 3237 nil
497 3194 582 3255 grave
605 3183 655 3237 aut
676 3178 816 3239 miserum
839 3185 884 3239 est
903 3178 977 3240 mibi

146 3259 226 3341 quud
249 3268 278 3322 te
300 3260 391 3322 seiam
412 3260 540 3324 voluisse
547 3280 556 3337 3
582 3270 613 3322 tu
636 3269 750 3323 tuntum
772 3263 901 3343 impera:

146 3344 196 3404 bie
218 3343 350 3426 Oedipus
374 3347 486 3424 Aegaea
507 3346 672 3409 transnabit
697 3348 770 3409 freta

146 3429 268 3491 iubente
288 3439 328 3507 te,
350 3429 540 3511 flammasque
563 3450 637 3510 quas
660 3432 760 3494 Sieuio
783 3433 872 3495 vomit

146 3514 306 3576 demente
328 3515 416 3576 telius
438 3516 543 3596 igneos
565 3516 683 3577 volvens
706 3518 819 3595 globos,

146 3600 273 3679 excipiet
295 3617 348 3662 ore
369 3618 462 3680 seque
484 3602 616 3682 serpenti
638 3600 752 3685 offeret,

148 3735 353 3747 *uu-

231 3820 281 3872 289
298 3821 372 3886 regat
389 3818 414 3869 E
483 3821 533 3872 299
549 3819 661 3873 ferentes
678 3820 704 3871 Ε
771 3818 948 3874 2931es0sE
1017 3824 1065 3875 297
1084 3823 1146 3876 viris
1164 3838 1222 3876 cee-

144 3885 253 3940 lestisE
304 3889 354 3940 299
368 3886 427 3939 illos
445 3887 647 3940 aeddeorreari.
661 3889 802 3955 -agatA
853 3891 903 3942 304
920 3890 1050 3942 maturiA
1102 3895 1151 3946 305
1170 3909 1221 3960 que

145 3969 195 4007 om.
213 3954 239 4006 Ε
308 3957 358 4010 313
375 3969 455 4021 segue
473 3954 498 4005 Ε
565 3958 615 4010 315
634 3955 738 4009 solvens
755 3955 809 4008 ΕΑ
826 3972 896 4011 corr.
912 3962 931 4023 ς
