2790 4494
528 285 672 328 unnnvnns
694 269 823 345 [smnus]

137 435 257 497 sinuare
279 452 402 503 nervum
423 434 471 494 vir
492 435 678 498 recedentem
701 413 819 498 ninit’

135 521 173 583 ad
194 539 246 581 vos
266 527 413 594 revertor3
444 521 576 598 genitor,
605 522 663 583 boc
685 530 819 587 nostrum
842 530 886 584 est
907 521 1026 585 scelus?

135 614 318 668 tacuere-
340 614 477 667 nostrum
500 612 553 667 est.
618 625 703 668 euru.
748 607 859 668 Luctus
881 615 927 669 est
948 607 1015 670 istic
1036 615 1115 683 tuus,
1150 618 1210 670 12111

136 692 250 754 crimen
273 708 432 752 novercae:
463 708 549 752 casus
570 690 619 752 hic
640 691 727 771 culpa
751 700 838 753 caret.
901 730 903 734 ,
1217 700 1220 708 ’

135 795 220 837 nnnc.
250 775 338 837 Nunc
358 781 444 856 parte
464 774 500 837 ab
524 776 622 850 omni,
644 776 776 855 genitor,
799 776 891 839 iratus
912 785 992 855 tona,

138 860 228 923 oblite
250 861 346 922 nostri
367 860 482 922 vindica
504 878 570 922 sera
590 878 680 923 manu

137 946 239 1008 saltem
262 953 395 1026 nepotes.
441 944 571 1024 stelliger
593 946 723 1007 mundus
745 953 831 1008 sonet

136 1032 328 1110 flammasque
351 1038 379 1092 et
400 1030 449 1092 hic
471 1039 500 1092 et
522 1030 571 1092 ille
592 1030 737 1093 iaculetur
757 1032 860 1110 polus3

138 1134 229 1196 rupes
251 1115 374 1195 ligatum
397 1114 518 1195 Caspiae
541 1135 650 1196 corpus
672 1116 788 1179 trahant

137 1209 227 1280 atque
248 1201 308 1262 ales
329 1200 411 1262 avida
433 1233 475 1245 -
498 1219 552 1262 cur
573 1199 743 1263 Promethei
764 1209 868 1264 vacant

135 1284 276 1366 scopuli?
319 1295 401 1347 vacat
422 1286 605 1347 curvertioe
626 1286 770 1348 immenso
792 1287 869 1348 ieras

135 1370 331 1451 volucresque
353 1388 479 1451 pascens
501 1367 623 1433 Caucasi
644 1370 803 1452 abruptum
825 1371 901 1435 latus

137 1455 313 1536 nudumque
335 1453 438 1517 silvis?
482 1455 531 1516 illa
553 1474 629 1536 quae
650 1466 777 1537 pontum
797 1455 927 1535 Scythen
1005 1472 1008 1485 ’

136 1541 310 1621 Symplegas
332 1548 407 1602 artat
428 1541 499 1604 hinc
521 1550 550 1603 et
570 1541 642 1602 binc
663 1542 775 1603 vinctas
795 1559 901 1605 manus

137 1625 285 1689 distendat
305 1627 381 1703 alto,
404 1643 531 1706 cumque
552 1624 687 1689 revocata
708 1626 770 1688 vice

136 1713 170 1774 in
193 1730 226 1774 se
248 1711 374 1773 coibunt
394 1729 520 1791 saxaque
543 1711 574 1772 in
597 1711 710 1773 caelum
733 1711 900 1792 expriment

135 1797 210 1860 actis
230 1797 381 1876 utrimque
402 1795 529 1876 rupibus
550 1796 680 1858 medium
701 1814 791 1872 mare,

136 1901 193 1962 ego
215 1881 347 1961 inquieta
369 1882 515 1942 montium
536 1881 645 1944 iaceam
666 1899 758 1943 mora.
971 1932 976 1941 .

137 1968 211 2048 quin
234 1974 381 2028 structum
403 1984 541 2028 acervans
562 1984 685 2028 nemore
707 1975 859 2045 congesto,
872 1983 1009 2046 aggerem

137 2069 246 2115 cruore
268 2069 378 2132 corpus
399 2051 491 2132 impio
513 2069 648 2132 spamam
671 2049 794 2113 cremo?

137 2138 192 2214 sic,
214 2136 258 2198 sic
279 2137 425 2216 agendum
449 2144 507 2198 est:
536 2137 640 2199 inieris
664 2135 784 2198 reddam
807 2135 974 2199 Herculem.
1018 2190 1020 2194 ,

136 2240 224 2284 rure.
254 2221 392 2284 Nondum
414 2221 544 2283 tumultu
567 2229 671 2302 pectus
693 2222 817 2283 attonito
840 2239 944 2284 carens

136 2307 260 2371 mutavit
280 2307 338 2368 iras
361 2307 502 2389 quodque
524 2306 612 2370 babet
633 2305 789 2388 proprium
811 2307 905 2390 furor,

136 2393 170 2455 iu
192 2410 225 2453 11
246 2392 310 2472 ipse
331 2391 430 2455 saevit.
495 2410 579 2453 nnuc.
623 2391 693 2454 Dira
714 2392 869 2455 Furiarum
893 2393 976 2455 locat

138 2488 170 2540 et
189 2477 354 2539 interorum
376 2494 477 2538 carcer
500 2485 529 2538 et
551 2477 630 2538 sonti
652 2476 739 2557 plaga

137 2563 256 2624 decreta
277 2561 380 2624 turbae
402 2596 443 2623 -,-
465 2561 492 2625 si
514 2562 595 2643 quod
617 2562 736 2624 exilium
757 2563 828 2625 latet

136 2646 264 2709 ulterius
286 2645 394 2721 Erebo,
417 2644 545 2709 Cerbero
567 2647 703 2726 ignotum
727 2647 864 2708 etmihi:
899 2681 901 2685 ·

136 2734 197 2794 boc
217 2749 265 2794 me
286 2731 369 2807 abde,
392 2731 495 2806 tellus;
525 2732 638 2793 Tartari
660 2731 696 2794 ad
718 2732 807 2793 linem
829 2731 965 2794 ultimum

137 2835 296 2880 mansurus
318 2815 377 2879 ibo.
422 2826 527 2897 pectus
549 2836 567 2878 o
590 2817 714 2879 nimium
740 2817 853 2879 ferum!

139 2902 207 2983 quis
227 2921 280 2964 vos
302 2920 357 2982 per
379 2919 508 2977 omnem,
530 2901 626 2977 liberi,
649 2919 768 2982 sparsos
790 2901 910 2964 domurn

141 2988 249 3049 deflere
271 2987 359 3067 digne
381 2984 513 3067 poterit?
556 2987 606 3048 bic
628 2987 720 3049 durus
742 2985 826 3048 malis

42 3107 44 3113 ·
138 3072 292 3134 lacrimare
312 3071 411 3133 vultus
433 3071 538 3134 nescit.
582 3072 765 3133 bucardum
787 3071 862 3144 date,

140 3158 205 3218 date
226 3157 286 3219 buc
307 3157 441 3236 sagittas,
464 3157 595 3237 stipitem
617 3158 677 3218 buc
697 3163 810 3219 vastum
833 3156 908 3218 date.

138 3241 192 3303 tibi
214 3242 272 3303 tela
292 3241 424 3321 frangam
448 3249 564 3317 nostra,
587 3241 641 3305 tibi
662 3250 798 3315 nostros,
822 3258 907 3322 puer,

139 3345 312 3408 rumpemus
333 3345 437 3402 orcus;
466 3337 495 3388 at
516 3326 576 3389 tuis
597 3327 689 3407 stipes
712 3327 807 3406 gravis

139 3411 253 3473 ardebit
273 3411 403 3486 umbris;
433 3411 497 3492 ipsa
518 3412 658 3474 Lernaeis
680 3413 822 3492 frequens

139 3496 277 3576 pharetra
300 3496 367 3558 telis
389 3497 420 3558 in
443 3507 511 3560 tuos
532 3496 588 3558 ibit
611 3514 717 3576 rogos:

226 3749 292 3801 1198
310 3762 403 3801 nervos
420 3747 453 3800 E.
471 3777 504 3787 -
522 3763 602 3816 paene
620 3746 751 3800 cedentem
769 3751 804 3813 ς»
868 3749 932 3800 1208
955 3747 1057 3813 paretur
1074 3745 1169 3797 vertice
1188 3742 1212 3793 A

137 3820 247 3882 vagetur
263 3831 288 3868 v.
306 3815 332 3867 ld
349 3820 458 3869 correct
528 3818 595 3870 1219
611 3816 728 3885 scytlrem
746 3815 771 3867 lt
841 3818 905 3868 1211
927 3815 1075 3883 crement?
1146 3814 1211 3865 1219

139 3883 276 3936 attonitum
294 3888 364 3936 curet
380 3885 405 3936 A
476 3887 540 3938 1223
558 3884 647 3936 turbae
665 3888 691 3936 et
708 3884 766 3936 siA
838 3886 901 3937 1225
920 3882 970 3936 bue
985 3884 1010 3934 A
1080 3883 1144 3935 1229
1162 3880 1213 3933 huc

138 3966 225 4072 ensepn
249 3950 308 4004 dote
331 3952 406 4071 epdd.
426 3957 547 4007 corrosit
565 3951 710 4015 thltofiue
731 3967 831 4018 praem.
850 3969 877 4018 p.
896 3950 945 4005 121
1035 3948 1213 4004 1230111122

142 4022 189 4073 123
225 4034 256 4074 ec
273 4019 324 4077 tuit
