2790 4494
618 260 792 306 ruodulsstn

167 409 241 487 quin
264 410 328 489 ipse
349 410 448 471 irater·
461 429 540 473 arma
563 413 718 474 comitatus
740 423 791 476 tua

167 494 220 555 tibi
242 494 388 557 militabit.
419 497 503 558 rade
526 505 555 558 et
576 499 606 558 id
629 496 740 558 bellurn
766 516 836 575 gere

167 581 198 640 in
222 597 281 658 quo
304 588 389 659 pater
411 589 564 661 materque
585 584 731 662 pugnanti
751 582 804 645 tibi

166 665 264 725 farere
286 666 412 744 possint.
457 684 548 744 regna
570 686 639 728 curn
660 668 773 729 scelere
795 667 932 731 omnibus

168 757 238 811 sunt
261 751 343 811 exilis
366 751 507 835 graviora.
552 771 634 813 nunc
656 752 726 814 belli
748 754 823 814 mala

168 853 313 914 propone,
338 835 440 897 dubias
462 836 564 898 Martis
587 838 692 899 incerti
714 838 808 900 vices:

168 919 237 981 licet
259 937 347 981 omne
367 928 465 982 tecum
489 921 626 984 Graeciae
649 922 742 983 robur
763 923 869 995 trahas,

168 1003 237 1066 licet
259 1024 339 1066 arma
360 1005 451 1085 longe
473 1007 557 1068 miles
578 1026 613 1068 ac
634 1007 692 1069 late
714 1008 849 1087 explicet,

168 1091 288 1151 fortuna
309 1090 379 1151 belli
401 1110 520 1172 semper
541 1093 662 1172 ancipiti
683 1093 715 1153 in
738 1093 804 1153 loco
827 1100 880 1154 est.
962 1089 966 1100 '

155 1175 377 1255 ·quodcumque
399 1176 478 1237 Mars
500 1176 649 1239 decernit:
673 1188 815 1258 exaequat
837 1178 922 1250 duos,

168 1260 237 1322 licet
257 1259 386 1340 impares
408 1261 477 1335 sint,
501 1261 630 1340 gladius3
654 1272 683 1325 et
705 1281 774 1343 spes
797 1270 826 1325 et
846 1270 943 1324 metus

153 1344 242 1404 roos
264 1363 349 1406 caeca
370 1355 475 1407 versat.
519 1347 682 1426 praemium
705 1348 852 1409 incertum
873 1347 960 1428 petis,

169 1437 283 1491 eertum
305 1430 411 1493 scelus.
454 1431 561 1493 favisse
582 1433 628 1494 fac
649 1433 725 1493 rotis
746 1432 817 1494 dees

169 1532 274 1576 omnes
295 1516 371 1578 tuis:
395 1535 511 1578 cessere
534 1524 563 1578 et
584 1518 679 1578 aversi
699 1520 799 1595 lugam

169 1601 281 1680 petiere
303 1602 391 1675 cives,
415 1600 496 1663 clade
517 1603 635 1664 funesta
656 1602 757 1665 iacens
791 1662 794 1668 ,

169 1684 280 1746 obtexit
300 1704 387 1766 agros
408 1687 494 1748 miles
515 1722 558 1733 -
580 1688 694 1750 exultes
716 1688 786 1748 licet

167 1770 321 1850 victorque
343 1772 442 1832 fratris
462 1773 558 1851 spolia
580 1772 686 1834 deiecti
708 1790 807 1851 gerasa

169 1855 331 1933 frangenda
352 1858 448 1936 palma
470 1866 525 1919 est.
570 1857 658 1937 quale
679 1866 713 1920 tu
734 1858 793 1918 hoc
814 1856 923 1919 bebum
945 1865 1041 1939 putas,

168 1940 201 2001 in
224 1958 284 2020 quo
307 1943 504 2004 execrandum
526 1941 621 2004 victor
642 1943 768 2004 admittit
790 1944 881 2017 nefas,

170 2025 196 2086 si
218 2024 346 2102 gaudet?
368 2028 450 2088 bunc
473 2046 560 2106 quem
582 2028 702 2090 vincere
725 2027 827 2089 infelix
849 2028 943 2108 cupis,

171 2129 239 2171 cum
261 2111 376 2184 viceris,
399 2112 523 2192 lugebis.
567 2112 711 2174 infaustas
732 2131 786 2191 age

170 2195 282 2257 dimitte
304 2214 429 2276 pugnas,
451 2197 542 2258 libera
564 2198 688 2277 patriam
710 2204 802 2270 metu,

168 2281 253 2343 luctu
274 2291 423 2361 parentes.
486 2301 553 2343 rou.
597 2283 725 2346 Sceleris
747 2290 776 2344 et
797 2282 909 2344 fraudis
932 2301 1002 2345 suae

169 2385 281 2445 poenas
304 2367 449 2428 nefandus
471 2368 561 2429 irater
582 2377 617 2428 nt
638 2368 734 2429 nullas
756 2365 851 2429 leratl

169 2469 225 2512 roc.
269 2452 312 2513 Ne
334 2463 442 2514 metue.
486 2470 599 2532 poenas
621 2461 650 2514 et
672 2453 792 2534 quidem
814 2452 907 2514 solvet
929 2470 1046 2531 gravesz

169 2535 313 2614 regnabit.
358 2545 402 2598 est
424 2537 496 2599 baec
518 2555 624 2616 poena.
670 2539 695 2598 si
718 2536 843 2611 dubitas,
866 2556 918 2599 avo

169 2621 306 2700 patrique
328 2623 432 2684 crede:
456 2622 582 2684 Cadmus
604 2623 662 2683 boc
684 2623 761 2684 dicet
782 2622 836 2684 tibi

170 2705 329 2786 Cadmique
351 2707 463 2786 proles.
507 2715 624 2787 sceptra
647 2702 788 2769 Thebano
811 2707 867 2768 luit

168 2791 293 2870 impune
314 2793 389 2853 nulli
412 2811 526 2871 gerere,
548 2811 605 2855 nec
628 2792 783 2872 quisquam
805 2792 863 2852 fide

169 2882 256 2955 rupta
277 2876 391 2938 tenebit
411 2877 476 2938 illa:
500 2878 557 2939 iam
579 2895 719 2939 numeres
743 2876 811 2938 lieet

169 2961 291 3022 fratrem
314 2961 392 3022 inter
414 2962 495 3023 istos.

341 3140 344 3152 .
437 3096 637 3160 ETEOCLES

458 3234 461 3241 ·
537 3198 694 3270 Numeret,
718 3203 762 3257 est
783 3195 856 3257 tanti
877 3193 951 3255 mihi

171 3299 239 3343 cum
261 3282 382 3362 regibus
405 3284 510 3345 iacere.
554 3292 584 3345 te
605 3282 710 3344 turbae
732 3281 851 3344 exulum

124 3391 127 3397 ’
170 3366 294 3428 ascribo.
361 3387 417 3432 roc.
461 3369 574 3448 Regna,
596 3366 757 3429 dummodo
778 3366 891 3427 invisus
913 3364 982 3427 tuis

255 3520 303 3570 631
322 3517 453 3584 gladioE
521 3521 570 3573 632
589 3533 643 3570 sors
661 3518 739 3569 codd.
759 3518 878 3568 corrasit
895 3512 929 3567 N.
948 3514 1074 3565 Heinsius
1091 3513 1152 3566 ado.
1165 3530 1192 3579 p.
1200 3515 1244 3567 59.

171 3612 205 3621 -
222 3586 322 3650 Ρθῖὶἱς
391 3590 442 3641 636
460 3587 533 3640 miles
552 3601 627 3654 agros
645 3586 670 3636 Ε
742 3588 791 3638 638
809 3589 839 3635 tu
855 3582 882 3634 id
900 3583 925 3634 b.
939 3582 965 3632 A
996 3614 1000 3621 ·
1033 3583 1083 3634 643
1100 3581 1173 3633 luctu
1189 3597 1245 3650 par.

170 3652 231 3704 scel.
250 3656 276 3704 et
293 3654 381 3706 0de
398 3656 501 3720 thabat:
517 3670 574 3708 ron.
583 3655 614 3707 tr.
624 3658 657 3719 s.)
727 3656 777 3706 646
794 3652 858 3703 haec
875 3653 914 3702 est
925 3650 951 3701 A
1019 3651 1069 3703 648
1086 3647 1207 3701 Thebano
1225 3653 1245 3714 ς

170 3719 323 3784 (Thebarum
342 3722 486 3789 Aventius)
546 3726 605 3777 ’649
623 3723 686 3790 lmp.
705 3738 729 3773 n.
740 3738 765 3789 g.
777 3726 803 3771 et
819 3719 872 3771 Neo
889 3734 915 3786 q.
930 3717 1075 3784 lemgum
1090 3718 1245 3769 vereibuold

169 3792 220 3842 650
244 3789 349 3841 tenebat
371 3792 405 3843 Α.
431 3821 466 3830 -
489 3806 619 3856 numeres:
645 3805 673 3842 es
697 3791 765 3842 1m.
789 3804 824 3839 ecc
846 3787 869 3838 is
893 3786 918 3838 Ε
1005 3789 1053 3840 651
1079 3785 1151 3840 istos.
1186 3800 1244 3839 ror..

168 3872 273 3909 numero
299 3863 326 3909 et
350 3863 390 3910 est
410 3859 487 3913 codd.
506 3863 627 3911 conscit
649 3859 680 3909 B.
699 3857 862 3910 Schmidtius
880 3855 912 3905 de
929 3870 978 3906 mn.
997 3853 1058 3906 Sco.
1076 3860 1147 3919 trag.
1165 3870 1192 3920 p.
1209 3855 1245 3907 20

168 3929 218 3979 652
236 3926 320 3978 iacere
338 3930 364 3977 et
387 3927 445 3978 urbi
463 3927 565 3979 exulum
583 3927 617 3979 E.
635 3956 669 3966 -
687 3929 751 3979 tet.
769 3941 792 3979 e.
811 3930 837 3975 et
852 3939 876 3975 o.
895 3926 944 3977 653
963 3922 1085 3974 locastae
1103 3923 1204 3975 dantur
1221 3923 1247 3973 A

76 4024 79 4031 .
167 3998 218 4047 653
235 3994 343 4047 asscribi
359 3993 385 4044 Ε

968 4060 1043 4127 χῖ*
