2790 4494
155 231 195 295 86
537 247 564 287 n.
587 246 693 289 nunant
714 245 841 288 sennenn

154 416 303 479 umquam,
327 416 383 459 nec
405 397 460 461 ista
482 405 577 458 murte
600 404 758 458 contentus
780 397 833 472 tui,

154 503 210 547 nec
231 503 279 544 me
301 482 411 545 redemi
433 489 532 566 parte:
556 481 741 544 membratim
762 482 817 545 tibi

153 569 253 649 perire
275 568 352 630 volui
374 602 418 612 —
440 568 571 629 debitum
592 566 710 630 tandem
733 568 826 647 exige.

154 673 236 717 nunc
258 654 339 716 solvo
361 671 489 734 poenas,
512 661 585 716 tunc
608 652 660 713 tibi
682 651 803 715 inferias
825 652 902 715 dedi.

154 741 222 802 ades
244 747 332 819 atque
356 739 481 801 inertem
503 737 652 800 dexteram
674 737 821 800 introrsus
843 756 945 818 preme

153 824 307 904 magisque
329 842 444 903 merge:
474 823 574 885 timida
597 831 669 885 tunc
691 842 780 903 parve
804 836 893 904 caput

154 909 253 974 libavit
274 910 383 972 haustu
405 909 512 988 vixque
535 910 689 989 cupientes
711 909 796 988 sequi

154 995 253 1057 eduxit
275 995 388 1057 oculos.
432 995 533 1055 haeret
555 994 641 1055 etiam
664 1012 746 1056 nunc
768 994 840 1056 mibi

154 1081 203 1143 ille
225 1080 351 1154 animus,
373 1080 484 1155 haeret,
508 1097 576 1140 cum
599 1087 784 1143 recusantem
806 1096 927 1142 manum

154 1183 289 1246 pressere
312 1164 419 1227 vultus.
464 1165 565 1225 audies
588 1183 699 1238 rerum,
723 1162 873 1244 Oedipus:

153 1251 252 1312 minus
275 1249 377 1311 eruisti
399 1249 511 1312 lumina
532 1249 670 1311 audacter
694 1257 751 1324 tua,

153 1353 242 1415 quam
263 1334 444 1414 praestitisti.
490 1353 571 1395 nunc
594 1352 714 1396 manum
738 1333 860 1396 cerebro
879 1333 986 1396 indue:
1187 1343 1231 1395 180

153 1421 209 1482 bac
230 1427 313 1500 parte
335 1430 458 1481 mortem
481 1438 590 1499 perage
612 1438 670 1499 qua
693 1420 779 1499 coepi
801 1417 887 1480 muri.

153 1523 248 1567 narra.
314 1504 420 1580 Pauca,
443 1523 460 1565 u
483 1523 591 1585 parens
613 1504 809 1583 magnanime,
832 1504 1015 1567 miserandae
1037 1521 1144 1583 precor

154 1598 187 1653 ut
208 1589 295 1651 rerba
317 1600 402 1653 natae
424 1590 657 1669 menteplacata
678 1590 789 1651 audias.

154 1694 215 1736 non
238 1683 267 1736 te
289 1683 323 1736 ut
345 1675 481 1737 reducam
506 1674 612 1736 veteris
634 1674 670 1736 ad
692 1676 822 1755 speciem
845 1674 949 1737 domus

152 1759 345 1840 habitumque
367 1761 452 1838 regni
474 1761 547 1821 flore
570 1759 731 1841 pollentem
753 1759 855 1822 inclito

154 1857 223 1925 peto
246 1856 296 1908 aut
318 1852 351 1906 ut
373 1845 441 1922 iras,
464 1855 633 1925 temporum
655 1845 727 1907 haut
749 1845 812 1926 ipsa
834 1864 918 1908 mura

153 1931 270 2006 tractas,
293 1930 416 1991 remisso
440 1937 560 2010 pectore
583 1950 617 1992 ac
639 1930 753 2011 placido
777 1931 867 1993 teras:

154 2022 183 2078 at
205 2015 262 2076 hnc
284 2015 404 2077 decebat
427 2014 544 2077 roboris
567 2016 641 2077 tanti
662 2016 767 2090 virum,

154 2119 215 2161 nnn
238 2118 302 2161 esse
325 2099 380 2161 sub
403 2099 504 2162 dolere
528 2120 583 2162 nec
604 2100 713 2162 victum
735 2100 819 2163 malis

153 2186 222 2246 dare
244 2192 343 2264 terga;
367 2204 428 2246 non
451 2194 505 2261 est,
528 2193 561 2246 ut
582 2192 679 2265 putas,
702 2186 803 2258 virtus,
827 2194 920 2267 pater,

153 2271 256 2332 timere
278 2269 375 2346 vitam,
398 2270 449 2330 sed
472 2270 555 2331 maiis
577 2270 748 2349 ingentibus

155 2354 272 2416 obstare
294 2373 349 2416 nec
372 2374 403 2416 se
425 2362 539 2417 vertere
561 2373 594 2416 ac
616 2364 695 2416 retro
718 2355 797 2417 dare.

154 2440 286 2520 quitata
308 2439 492 2520 proculcavit
513 2458 548 2502 ac
570 2440 643 2501 vitae
666 2440 743 2501 buna

153 2524 278 2605 proiecit
299 2533 387 2604 atque
409 2524 534 2589 abscidit
557 2533 585 2586 et
607 2543 693 2589 casus
715 2543 786 2586 suos

154 2610 285 2672 oneravit
306 2610 379 2691 ipse,
403 2610 452 2670 cui
475 2609 530 2670 dee
554 2609 636 2670 nulle
660 2617 704 2671 est
726 2628 812 2690 epus,

152 2713 244 2775 quare
266 2695 315 2757 itte
338 2703 463 2757 mortem
486 2695 586 2777 cupiat
607 2703 658 2757 aut
680 2714 770 2776 quare
794 2694 896 2775 petati

40 2810 41 2815 κ
154 2790 314 2860 utrumque
336 2780 430 2842 timidi
454 2787 512 2843 cst:
536 2797 624 2842 nemo
647 2782 826 2861 contempsit
847 2782 925 2845 muri

153 2866 206 2945 qui
229 2864 407 2945 concupivit.
452 2864 538 2927 cuius
561 2866 633 2927 baut
654 2867 729 2928 ultra
753 2865 826 2927 rrrala

153 2951 232 3012 exire
255 2958 391 3030 possunt,
414 2951 444 3010 in
467 2950 533 3012 lucc
556 2958 619 3013 tuto
642 2960 686 3015 est
708 2951 792 3013 situs.

153 3036 220 3115 quis
243 3036 301 3097 iam
323 3035 456 3111 deorum,
479 3035 552 3097 velle
575 3036 630 3114 fac,
656 3036 816 3116 quicquam
839 3044 936 3116 potest
1104 3068 1107 3077 ·
1184 3049 1230 3101 tud

152 3120 236 3181 malis
259 3121 317 3182 tuis
340 3118 479 3183 adicere?
502 3122 558 3182 iam
581 3141 637 3184 nec
659 3129 691 3182 tu
714 3132 798 3201 potes

155 3205 213 3266 disi
236 3205 301 3279 hnc,
325 3214 358 3266 ut
380 3224 444 3267 esse
466 3215 494 3267 te
517 3216 604 3286 [tutes
626 3207 748 3285 dignum
776 3225 848 3268 nece
868 3240 913 3253 -

153 3309 215 3351 non
238 3309 270 3352 es
294 3309 352 3352 nec
374 3290 433 3352 ulla
455 3300 560 3372 pectus
582 3291 639 3352 huc
662 3291 748 3371 culpa
773 3291 878 3371 attigit.

240 3444 284 3493 111
306 3440 376 3492 volui
396 3441 514 3508 per-trem
584 3444 631 3495 113
649 3440 806 3494 dextramtt
881 3441 1227 3508 intemeratorum

156 3511 203 3562 118
222 3508 311 3560 audias
328 3512 401 3573 ς.-
414 3508 538 3576 Oedipum
558 3508 607 3559 ΕΑ
625 3508 755 3576 Οεᾱίρθς
773 3515 894 3562 retranit
904 3509 936 3562 B.
949 3509 1111 3562 Scdma'dttnr
1125 3510 1166 3576 (de
1179 3527 1227 3564 cm.

154 3576 215 3628 San.
235 3583 305 3642 trag.
323 3594 350 3643 p.
368 3576 412 3641 32)
493 3578 541 3630 189
565 3577 700 3644 perstitisti
717 3578 750 3630 tt.
769 3607 800 3619 ·-
820 3579 906 3631 crebro
925 3578 950 3628 tt
989 3604 991 3609 ·
1030 3580 1087 3632 181-
1100 3576 1187 3646 'coepit
1204 3581 1230 3630 Α

155 3647 202 3698 182
228 3643 406 3710 πιὶεετεηόας
468 3648 517 3699 tut
540 3645 669 3714 specimen
688 3646 713 3697 A
775 3650 822 3701 185
840 3646 921 3700 incliti
936 3645 994 3697 BA
1011 3650 1118 3712 cunm
1180 3649 1228 3701 188

154 3716 266 3779 tempore
284 3719 327 3764 aut
344 3713 400 3780 ipsa
419 3714 495 3766 codd.
515 3718 636 3766 correxit
652 3714 765 3766 Bntbtuc
836 3717 883 3769 188
902 3719 927 3767 et
946 3715 994 3767 boc
1013 3715 1089 3768 codd.
1110 3720 1230 3767 correxit
1316 3731 1320 3735 ’

153 3778 294 3832 Iiicbterua
382 3784 430 3835 195
452 3782 502 3849 ipsi
525 3798 572 3836 ceu
596 3783 671 3835 viden
689 3784 714 3834 A
731 3784 944 3850 (interpolatortt
961 3796 1070 3837 ananum
1088 3787 1229 3835 restituere

153 3847 268 3900 Florem
287 3848 456 3902 Christianus
480 3857 506 3902 et
527 3851 650 3916 Scab'ger
672 3851 812 3903 recidendo
836 3867 885 3903 ceu
906 3850 966 3916 dec)
1059 3854 1106 3906 196
1130 3852 1186 3919 ipse
1208 3853 1229 3903 A

155 3916 203 3967 191
221 3931 246 3968 u.
265 3920 282 3968 t.
299 3919 340 3968 est
357 3917 432 3971 veile.
463 3919 617 3985 contempsit
634 3919 702 3972 md
757 3922 803 3974 198
822 3920 865 3986 qni
883 3934 934 3972 non
953 3920 1111 3988 concupiscit
1124 3922 1149 3971 A
1165 3922 1229 3986 (non

154 3978 250 4033 delevit
266 3983 384 4048 Poggius
402 3988 431 4037 in
449 3986 507 4038 cod.
518 3986 599 4040 Lacr.
609 3987 652 4049 37,
662 3988 693 4041 tt
699 3993 739 4041 ‘ct
756 3991 785 4039 in
803 3989 904 4040 Aldina
922 3988 1072 4052 mandata).
1088 4014 1124 4029 -
1141 3992 1185 4041 aut
1204 3988 1229 4040 di
