2648 4478
186 216 229 279 34
566 230 605 275 nr
626 226 729 273 romeu
749 226 885 274 moseo.

188 384 370 447 consulatur.
400 401 436 444 ex
451 401 484 443 ea
507 381 586 443 enirn
609 380 658 442 lux
680 381 806 462 petenda
829 380 880 441 isti
899 379 976 461 loeo,
997 396 1088 460 quem
1109 381 1226 442 neseio
1241 398 1279 443 an
1315 392 1316 397 ’

187 470 294 550 aliquis
315 469 461 530 haetenus
482 460 675 528 intellexerit’
698 473 732 527 ut
754 466 795 528 ait
816 462 970 528 Gruterus.
1016 472 1104 545 atque
1125 473 1179 528 est
1203 466 1281 528 haee
1315 478 1316 489 ¹

187 553 376 635 interpolatio
398 571 432 613 ex
454 569 555 613 earum
570 568 679 630 genere
695 550 803 631 quibua
818 550 1006 612 librariorum
1022 567 1141 613 errores
1158 551 1196 612 in
1213 570 1280 614 sae-

188 639 254 703 oula
269 638 378 700 sanciri
393 637 490 699 solent
505 635 580 698 etin
596 643 749 697 aeternum
764 636 884 715 quidem
900 635 957 697 uisi
974 637 1051 697 torte
1065 635 1115 698 lux
1126 637 1279 716 protinus
1313 686 1316 697 .

189 733 321 803 emergat
342 742 359 785 e
379 722 472 784 sumo.
511 721 590 801 quod
611 720 660 781 hio
681 738 741 782 una
763 721 860 782 littera
879 721 1069 782 mutatalleri
1084 722 1190 802 potuit
1208 722 1280 781 etsi

188 806 350 872 Etrusenm
371 807 479 887 legeris
496 807 605 868 laetum
628 806 698 867 erit:
722 806 831 867 etenim
854 807 916 870 862
938 806 1018 868 uoltu
1035 805 1085 867 ille
1099 807 1234 887 praebet
1249 813 1278 868 et
1315 812 1316 837 ³

188 895 245 956 hae
259 895 406 975 scriptura
420 910 523 953 versus
538 892 611 952 istos
630 892 673 953 sio
689 891 914 971 distinguendos
930 909 994 952 esse
1010 892 1174 971 praecipit:

415 980 501 1039 ceteri
521 977 630 1038 uadunt
647 995 702 1057 per
722 996 811 1057 opaea
834 980 937 1038 tristes.

190 1064 258 1126 dein
280 1080 357 1125 novo
380 1060 503 1143 spiritu:

416 1145 508 1227 areolis
529 1156 569 1207 eet
589 1145 670 1207 uoltu
691 1149 814 1216 eamme,
836 1155 947 1207 remoto

416 1231 477 1292 tuoe
498 1250 563 1292 oum
584 1241 708 1292 moestus
729 1231 785 1291 sibi
803 1234 921 1311 quisque
940 1235 1028 1292 sensu

416 1315 552 1376 obrutum
573 1325 632 1377 toto
653 1326 738 1396 ceput
760 1334 818 1377 eote
839 1313 942 1377 terro?
1315 1388 1316 1391 Ἴ

190 1401 210 1462 i.
227 1407 378 1480 equanto
400 1418 451 1460 vos
473 1400 637 1480 putandum
661 1410 707 1460 est
727 1400 804 1461 oillei
818 1400 945 1475 tristitia,
969 1398 1188 1480 cumprimum
1205 1418 1274 1462 sen·

191 1486 289 1548 seritis
311 1486 341 1547 in
364 1485 482 1547 interna
503 1492 599 1546 terrae
620 1502 672 1546 vos
694 1486 828 1548 reclusos
850 1482 940 1548 esse?
962 1494 1032 1548 nota
1054 1487 1150 1567 ligura
1168 1494 1202 1548 et
1221 1485 1275 1546 Se-
1315 1504 1316 1569 j

192 1590 283 1634 neoae
305 1578 446 1651 usurpata
468 1588 494 1630 e.
511 1588 538 1649 g.
561 1569 729 1634 Tro.1057
1315 1578 1316 1647 l

417 1658 480 1737 quis
500 1665 592 1717 mutuo
612 1660 714 1718 mentio
735 1659 854 1727 miseno,
876 1654 930 1716 ult
949 1659 1042 1716 omua’r
1315 1654 1316 1733 ᾗ

417 1750 497 1801 terra
519 1741 653 1802 denarret
670 1741 841 1822 peloouoque
862 1750 971 1811 arescet,
1315 1748 1316 1819 l

417 1825 489 1885 oeteo
510 1843 574 1886 eum
596 1825 677 1904 louye
697 1825 821 1888 lota'tolt‘t
841 1823 918 1886 Ide?
1315 1822 1316 1907 l

193 1928 228 1972 ex
249 1909 314 1971 aliis
336 1908 433 1988 poetis
455 1909 587 1988 exempla
608 1910 699 1970 ouivis
715 1911 745 1971 in
761 1919 902 1990 promptu
918 1918 1002 1970 sunt:
1026 1909 1112 1988 Verg.
1130 1911 1208 1972 Aen.
1227 1905 1272 1981 IV,
1315 1920 1316 1973 l

193 1994 254 2059 408
276 1997 340 2074 quta
361 1992 417 2055 titt
436 2004 497 2054 tum
511 1993 586 2056 Dido
608 1999 737 2056 cernenti
758 1995 828 2058 totio
842 1992 963 2056 senuas?
994 1994 1102 2068 (Ouid.)
1119 2014 1193 2058 uuo.
1214 1995 1270 2056 167

190 2080 262 2161 quiet
281 2078 355 2140 milti
373 2089 441 2140 tuuc
461 2082 556 2140 enimi
568 2090 608 2140 est
621 2080 674 2141 ubi
686 2084 775 2142 sumit
790 2078 976 2142 retentator?
998 2079 1125 2141 eistat.
1143 2076 1240 2140 Theb.
1251 2077 1272 2150 l,
1315 2078 1316 2125 1

195 2167 255 2227 165
277 2167 342 2245 outa
363 2174 425 2226 tum
446 2163 514 2234 uto,
535 2182 630 2235 oueue,
657 2168 721 2246 quio
740 2166 803 2244 suit
823 2165 871 2226 tlte
893 2166 966 2236 dieo,
995 2183 1087 2226 veruo
1108 2184 1175 2227 eum
1197 2163 1272 2226 soluo

191 2253 225 2310 in
246 2248 316 2310 aulo
336 2251 488 2327 rerpt‘rerer
509 2254 555 2310 iras
576 2268 661 2312 ornae
676 2262 759 2328 tuum
774 2269 800 2310 e.
814 2268 842 2329 q.
854 2247 901 2310 s.‘l
932 2249 1005 2325 Vlll‚
1031 2251 1092 2313 199
1112 2268 1188 2331 quoe
1201 2246 1273 2311 otilo
1315 2294 1316 2319 .

191 2418 294 2481 voluer
315 2414 434 2498 operto?
478 2417 578 2479 Manil.
595 2417 627 2494 V,
651 2421 713 2483 589
735 2420 783 2481 all.

191 2350 280 2404 omos,
302 2352 367 2395 oum
387 2350 441 2411 per
461 2350 531 2394 eovo
552 2337 660 2396 ot'oeera
682 2347 775 2397 terroe
797 2337 870 2397 uodo
893 2336 943 2396 doio
962 2336 1089 2415 pendeas
1110 2347 1139 2398 et
1160 2341 1271 2398 iuuere

257 2503 305 2564 Hi.
330 2504 392 2565 924
420 2505 533 2562 minam
556 2520 686 2566 umorem
708 2509 808 2585 cupitis
829 2508 919 2567 iuviti
938 2506 996 2566 deis
1315 2520 1316 2603 l

1315 2614 1316 2651 l

423 2586 513 2648 libore
529 2606 649 2666 possem.

194 2672 246 2734 ubi
268 2689 368 2734 auore
390 2671 580 2732 scribendum
594 2691 667 2748 ,esee
688 2673 746 2733 iam
761 2672 1000 2735 vindobonensia
1015 2674 1140 2736 Etrusco
1164 2675 1196 2735 in
1218 2672 1271 2732 lrao

193 2758 291 2820 tabula
314 2764 459 2837 cognatus
480 2757 587 2818 dooere
610 2758 716 2837 potuit.
821 2793 824 2799 ,

279 2842 551 2906 amauritium
573 2842 711 2924 fraenum
732 2852 841 2921 nostro,
864 2843 918 2905 titt
937 2855 1057 2916 nostros,
1075 2862 1160 2925 puer,

420 2945 586 3007 rumpamus
608 2946 693 2990 orcus
714 2949 746 2991 nr
768 2934 826 2991 tuis
846 2933 931 3010 aupes
951 2934 1049 3009 orooro

420 3012 531 3073 ardebit
552 3012 671 3075 umbria.

195 3098 231 3157 ad
246 3095 377 3158 diversos
392 3097 496 3156 ordine
511 3114 622 3175 pueros
637 3116 669 3159 se
684 3098 843 3172 convertit3
867 3099 945 3178 quod
964 3116 1026 3159 nou
1045 3099 1115 3160 satis
1131 3094 1268 3178 exprimi·

194 3189 245 3242 tur
266 3180 411 3261 copulatis
427 3199 481 3260 per
495 3198 529 3241 oo
543 3183 707 3243 sententiae
722 3183 872 3243 membris.
902 3190 983 3244 reete
997 3183 1143 3245 Etruscus
1158 3195 1190 3245 ot
1204 3182 1267 3242 tuis.
1315 3200 1316 3271 l

260 3266 329 3326 Tro.
353 3267 391 3328 57
422 3266 571 3327 dominon
592 3284 649 3328 eece
672 3266 927 3330 erementanos
949 3278 975 3329 et
996 3272 1073 3330 uotis
1094 3268 1187 3348 leoena

419 3355 542 3412 sortitur
561 3366 647 3413 urna.
688 3354 798 3433 proedo
819 3370 900 3432 quem
921 3348 988 3415 oilie
1009 3352 1133 3434 sequor?
1208 3374 1212 3381 ¹
1315 3390 1316 3449 r

417 3433 463 3496 tto
484 3434 614 3504 Hectoris
635 3442 769 3517 conluuio
790 3438 939 3517 &munder
959 3438 1023 3511 otti,

420 3519 464 3581 lta'e
486 3532 564 3600 optut
585 3521 689 3584 Heleni
708 3528 869 3602 maronem,
889 3521 934 3584 lu'e
955 3524 1118 3598 Antenoris,

420 3615 471 3667 neo
492 3607 643 3679 deotmot,
667 3607 839 3680 Cassandra,
862 3613 913 3689 qut
933 3608 1072 3670 tholomeo
1089 3617 1187 3688 punt.-

419 3709 483 3753 meo
503 3710 566 3753 sora
587 3696 711 3765 timetur,
734 3693 794 3754 solo
815 3713 880 3754 rum
901 3693 1013 3756 Donato
1032 3705 1132 3756 meus.

195 3775 236 3838 58
244 3777 355 3855 praedo
364 3777 637 3858 quemoiltsuequor
648 3780 813 3841 sententiae
825 3794 1017 3858 progressum
1032 3779 1141 3841 turbat.
1164 3788 1267 3852 nempe

195 3876 257 3921 non
286 3860 317 3921 in
348 3876 382 3921 eo
405 3861 544 3922 Heoubae
573 3863 667 3925 oratio
695 3873 829 3925 versatur
853 3873 888 3925 ut
909 3865 1078 3926 soiseitetur
1100 3863 1194 3943 qualis
1215 3854 1266 3919 sini

195 3944 335 4005 dominus
357 3952 518 4007 eventurus
540 3946 588 4022 eit,
611 3948 662 4010 sed
685 3957 719 4010 ut
740 3956 881 4028 queretur
902 3950 983 4028 quod
1005 3951 1067 4013 sola
1082 3959 1116 4011 ut
1131 3964 1206 4011 anus
1220 3943 1265 4005 dt·
1315 4018 1316 4047 1
