2686 4482
430 292 434 297 μ
457 235 494 277 nn
515 232 730 278 nxunrunnruvs
752 235 880 281 cauneis.
1145 222 1206 285 177
1271 240 1273 249 ’

334 385 385 447 tec
406 405 514 466 quqquc
535 386 627 465 fatale
649 399 706 449 est:
729 387 841 468 placuit
863 390 963 452 demus
983 409 1044 452 mcc
1066 390 1184 462 ductus,
1281 392 1284 399 '

175 534 179 539 ,
311 482 379 532 ’νιν
400 484 451 533 tua
473 472 571 550 ferma
593 478 676 553 cupit,
699 484 781 552 cepta
801 485 920 553 percute
941 493 1032 537 sarar.

129 556 237 618 Phaed.
262 558 323 621 665

335 643 435 704 demus
456 659 567 704 sorores
588 660 649 704 mcc
671 646 810 722 corripuit
832 645 913 716 dunc,
1019 638 1022 643 ’

334 739 360 790 tc
381 732 494 807 qemitcr
515 740 545 788 ut
566 746 610 788 mc
631 739 726 789 autur.

128 829 241 891 dixerat
264 830 380 909 placere
403 828 459 889 sibi
481 829 512 889 in
535 828 694 908 Hippolyto
717 829 821 890 faciem
846 829 967 892 viriliter
988 837 1115 892 torvam:
1139 832 1202 892 her.

128 932 155 974 v·
180 916 219 978 73
334 1017 467 1079 quemque
489 1009 591 1058 uocum
612 997 687 1059 aliae
707 997 821 1058 vudum
844 1001 1022 1079 m'qiclumquc
1044 1013 1204 1081 trucemque

321 1088 385 1164 ‘pm
407 1084 511 1162 m'qt'dc,
537 1081 667 1144 Pleeedrc
689 1083 789 1154 iudice,
812 1083 899 1161 fertis
921 1096 991 1146 eret.

270 1187 307 1247 77
324 1176 358 1246 ’τε
381 1197 448 1247 tuus
469 1189 521 1246 istc
541 1189 623 1264 m'qcr
639 1189 780 1264 positique
801 1190 862 1246 siue
883 1198 944 1246 crte
966 1186 1063 1266 capilli

333 1282 360 1332 ct
381 1271 451 1332 leue's
472 1275 582 1348 epreqic
601 1270 699 1351 puluis
721 1274 753 1330 iu
775 1288 823 1332 cre
846 1271 929 1332 decet.

127 1372 237 1452 quibus
259 1371 414 1433 admiscuit
436 1370 557 1433 Ovidius
580 1389 614 1432 ex
637 1373 706 1433 Arte
728 1390 781 1433 sua
811 1373 939 1434 colerem
963 1374 1024 1448 (75.
1049 1376 1117 1449 76);
1148 1374 1204 1435 Se·
1229 1424 1233 1433 ,

128 1477 203 1520 neca
225 1459 299 1519 haec
320 1457 363 1518 sic
384 1457 498 1518 inflexit
519 1475 544 1516 v.
568 1458 630 1520 657
653 1475 715 1536 sq.:

333 1563 365 1621 iu
386 1571 412 1620 te
433 1564 525 1637 muqis
546 1557 669 1638 refulqet
692 1563 850 1638 incomptus
875 1560 956 1621 decer

332 1657 358 1707 ct
379 1647 491 1723 qemiter
511 1648 543 1705 im
565 1655 591 1705 tc
612 1656 702 1717 tetur,
726 1657 752 1706 ct
774 1654 872 1706 tecuae
893 1655 988 1707 tamem

326 1748 399 1809 pers
420 1729 517 1809 alique
538 1733 641 1791 matris
662 1735 758 1790 miscet
780 1747 817 1790 aa
838 1746 925 1808 ecque
951 1729 1050 1790 decus:

145 1899 159 1960 f
332 1818 364 1875 im
386 1833 435 1877 cre
459 1813 546 1876 Greia
570 1813 714 1893 Scythicus
735 1826 855 1894 apparet
876 1818 966 1892 riqcr.

126 1919 166 1962 c·
189 1919 215 1959 v·
240 1899 301 1962 798
333 2003 418 2065 quum
439 1996 523 2063 qruta
545 1995 587 2046 est
607 1985 696 2062 sactes
718 1995 800 2044 tecue
822 1981 947 2044 uiriliter

126 2089 154 2130 v·
178 2070 238 2133 803
290 2164 359 2235 „te
379 2154 464 2231 fraus
485 2153 562 2215 lictu
584 2152 667 2228 decet,
691 2165 717 2216 te
733 2144 855 2225 'breuior
876 2170 956 2213 ccmc
1090 2170 1092 2174 ⁴

330 2237 413 2299 mulla
434 2238 491 2317 leqe
513 2243 615 2300 iaceas.

124 2340 194 2402 item
224 2339 303 2418 quod
331 2340 410 2419 apud
433 2338 604 2420 Euripidem
626 2338 757 2403 Phaedra
786 2340 822 2400 de
845 2337 1005 2418 Hippolyto
1028 2338 1058 2401 in
1083 2337 1197 2400 Cereris

10 2504 15 2523 Ι
123 2425 216 2486 sacris
238 2424 293 2486 sibi
315 2425 378 2486 vise
400 2424 585 2506 praedicasse
607 2435 637 2486 et
658 2424 728 2485 inde
751 2423 872 2485 Ovidius
898 2424 1061 2503 sumpsisse
1084 2423 1198 2484 videtur

11 2562 17 2583 Ι
103 2528 150 2644 -m
175 2512 230 2572 71.
328 2595 449 2656 candide
470 2599 554 2656 uestis
576 2605 647 2666 eret,
667 2597 824 2675 praecincti
844 2594 918 2671 llere
939 2592 1044 2673 capilli,

327 2679 408 2757 slave
429 2682 604 2742 verecundus
621 2685 752 2743 maereret
775 2697 826 2739 cre
851 2678 950 2749 rubor,

123 2782 159 2843 ad
183 2783 295 2844 Thesea
319 2779 407 2844 Cnosi
429 2791 593 2843 morantem
615 2783 728 2844 Seneca
750 2780 901 2843 transtulit
920 2767 948 2840 r.
972 2781 1050 2843 651:

529 2895 693 2963 presseram
714 2887 801 2945 m'ttce
823 2900 932 2944 comum

327 2979 354 3029 ct
376 2985 427 3029 ure
447 2970 546 3046 liaeus
567 2980 665 3031 temera
686 2967 832 3047 linquebat
849 2968 1005 3047 pudtr.²¹)

124 3069 282 3149 Pasiphaes
304 3069 443 3130 infamem
466 3078 495 3130 et
517 3070 664 3132 infelicem
681 3069 824 3131 Ariadnae
841 3086 971 3129 amorem
984 3067 1079 3147 tangit
1094 3068 1195 3129 saltem

123 3152 281 3234 Euripides
296 3153 385 3234 ll-ipp.
403 3156 462 3219 337
480 3172 526 3234 sq.
549 3157 581 3224 in
604 3155 703 3235 priore
726 3163 844 3234 gentem
860 3153 938 3214 Sulis
952 3153 1059 3214 Veneri
1080 3152 1196 3232 pridem

124 3240 245 3301 inrisam
262 3249 364 3320 questa
379 3259 444 3301 esse
459 3238 591 3302 Phaedra
604 3240 727 3318 videtur,
743 3240 823 3318 quud
835 3237 957 3299 Ovidius
972 3239 1081 3299 indicat
1096 3258 1121 3298 v.
1139 3242 1195 3301 54:

326 3342 453 3420 farsitum
474 3341 548 3403 tum
569 3345 679 3420 quaeris
699 3342 761 3419 sete
784 3342 936 3404 reddemus
958 3358 1085 3402 emerem

327 3440 354 3488 et
379 3425 470 3488 Vmus
491 3446 529 3489 ecc
550 3439 609 3489 tote
629 3438 711 3506 qmte
733 3427 841 3489 tribute
859 3437 948 3507 petet,

120 3529 236 3616 Seneca
258 3528 395 3609 pluribus
418 3528 608 3608 persequitur
629 3548 655 3587 v.
681 3530 741 3590 124
763 3546 823 3606 sq:

327 3634 444 3711 stirpem
461 3648 565 3711 perora
586 3629 661 3692 Solis
686 3634 775 3692 inuisi
798 3629 891 3691 Vemus

325 3734 378 3795 pec
399 3734 450 3776 uer
472 3727 584 3809 cutmen
604 3716 730 3789 ur'mdicut
752 3713 857 3776 Martis
878 3717 933 3774 sui

121 3819 325 3827 —0—-—-—-—-

209 3899 241 3964 2Ι)
261 3898 309 3951 hoc
327 3899 466 3951 secuudum
484 3900 609 3951 noviciam
621 3904 647 3950 et
661 3898 770 3965 apaetis
779 3897 955 3950 Alexandrinis
965 3896 1091 3950 excultam
1102 3897 1196 3950 Thesei

117 3968 258 4034 imaginem
276 3966 308 4019 cl.
328 3966 440 4019 Neelrius
459 3983 548 4034 opusc.
565 3968 585 4019 ll
603 3983 628 4034 p.
648 3969 678 4020 88
698 3982 735 4034 sq.
771 3965 869 4035 Helbig.
889 3966 988 4018 Unters.
1007 3981 1032 4034 p.
1053 3969 1160 4032 uterq.

174 4060 216 4102 Lac
228 4060 255 4103 de
270 4061 365 4103 Senem
377 4059 504 4111 unguentis.
543 4080 546 4083 ·
962 4053 989 4102 tt
