2658 4488
466 258 611 303 nuncians
633 241 781 317 [osrasrs]

80 409 171 472 terris
193 411 269 472 lreto
291 409 439 472 sideribus
462 411 580 473 Oceano
603 410 716 484 inieris,

80 497 160 558 ultra
182 495 308 570 labores,
330 503 434 570 mater,
457 496 575 558 Alcidae
597 497 676 575 luge.

79 601 141 643 osi.
191 579 296 643 Nescio
320 581 400 660 quod
421 581 538 643 animus
560 580 671 660 grande
694 580 843 661 praesagit
863 581 981 642 malum.
1083 603 1085 606 ⁴

80 685 146 727 unu.
191 665 327 747 illegna
349 665 502 747 triumphi,
525 666 634 747 templa
657 666 781 727 lunonis
803 674 886 745 pete:

80 753 156 814 haec
178 751 231 812 tihi
253 759 365 831 patent,
389 751 509 813 delubra
531 751 685 831 praeclusa
707 750 816 813 omnia.

81 856 140 899 nni.
191 835 289 899 Effare
311 836 378 916 quis
400 855 448 897 me
470 855 556 899 casus
578 838 726 899 insontem
748 843 872 916 premat.

80 940 146 982 nm.
190 921 288 984 Decus
309 921 381 982 illud
406 922 486 982 orhis
508 929 597 1003 atque
618 921 799 1002 praesidium
821 922 953 996 unicum,

81 1024 172 1086 quem
195 1006 252 1069 lata
274 1007 361 1068 terris
384 1007 414 1068 in
437 1007 536 1069 locum
559 1007 701 1069 dederant
722 1006 808 1081 lovis,

82 1110 100 1151 o
123 1099 226 1165 mater,
248 1091 333 1153 abiit:
357 1093 487 1154 membra
511 1103 540 1154 et
562 1092 725 1154 Herculeos
747 1100 829 1153 toros

82 1175 143 1237 urit
165 1177 230 1239 lues
253 1177 354 1240 nescio
379 1195 452 1257 qua;
476 1178 528 1257 qui
550 1177 665 1239 domuit
685 1178 773 1253 laras,

82 1259 132 1322 ille
155 1261 204 1322 ille
226 1264 320 1323 victor
342 1262 470 1324 vincitur
492 1271 603 1325 maeret
624 1262 712 1324 dolet.

82 1345 154 1425 quid
176 1347 295 1426 quaeris
318 1344 415 1409 ultra?
458 1366 516 1410 nni.
561 1347 693 1409 Miserias
715 1353 878 1426 properant
899 1363 967 1408 suas

82 1431 184 1494 audire
205 1433 323 1508 miseri;
346 1433 417 1507 lare,
441 1451 501 1513 quo
523 1434 619 1513 posita
642 1433 672 1493 in
695 1439 773 1494 statu

82 1516 138 1577 iam
163 1527 264 1579 nostra
286 1517 391 1580 domus
414 1517 482 1580 est?
513 1518 638 1592 clares,
663 1515 763 1578 miseri
783 1515 877 1577 laresl

82 1615 164 1664 nunc
186 1602 282 1677 vidua,
306 1621 388 1665 nunc
410 1605 541 1684 expulsa,
565 1622 647 1665 nunc
669 1603 747 1664 lerar
766 1600 884 1662 obruta.

81 1706 145 1748 uri.
189 1687 256 1749 Non
279 1689 339 1749 sola
362 1707 476 1750 maeres
498 1687 665 1762 Herculem,
693 1695 754 1749 toto
777 1687 852 1748 iacet

82 1773 193 1834 mundo
216 1773 397 1851 gemendus3
420 1775 475 1835 lata
499 1792 565 1849 neo,
587 1785 690 1847 mater,
712 1783 763 1835 tua

81 1858 190 1936 priuata
215 1859 332 1920 credas:
356 1859 413 1920 iam
436 1877 532 1939 genus
553 1865 647 1921 totum
671 1857 825 1937 obstrepit.

81 1938 163 2004 h'unc
185 1962 254 2005 ecce
276 1944 358 2005 luctu
381 1962 469 2023 quem
492 1944 585 2024 gemis
607 1944 707 2006 cuncti
730 1954 861 2022 gemunt,

82 2047 239 2090 commune
261 2029 348 2090 terris
370 2029 508 2091 omnihus
530 2029 639 2110 pateris
661 2028 780 2090 malum.

81 2115 192 2175 luctum
217 2114 383 2192 occupasti:
408 2115 512 2194 prima,
536 2133 597 2176 non
619 2114 682 2176 sola
703 2112 870 2186 Herculem,

81 2199 257 2274 miseranda,
280 2217 401 2261 maeres.
446 2219 503 2261 nsi.
549 2199 643 2271 Quam
665 2216 759 2279 prope
780 2215 796 2258 a
818 2197 877 2260 leto
901 2205 998 2259 tamen

82 2284 145 2359 ede,
168 2285 222 2345 ede
245 2303 355 2363 quaeso
376 2284 468 2347 iaceat
483 2284 605 2347 'Alcides
627 2303 720 2347 meus.
1103 2291 1153 2342 aaa

80 2388 143 2430 nri..
188 2368 268 2430 Mors
290 2370 399 2449 refugit
421 2370 504 2432 illum
526 2370 600 2433 victa
622 2389 698 2449 quae
720 2369 751 2430 in
773 2386 867 2448 regno
891 2386 945 2429 suo

81 2453 172 2516 semel
193 2462 239 2516 est
261 2473 316 2517 nec
337 2456 447 2517 audent
468 2457 526 2518 lata
548 2464 606 2517 tam
629 2463 742 2517 vastum
764 2455 846 2516 nolas

80 2539 244 2601 admittere.
290 2540 370 2620 ipsas
391 2540 514 2603 forsitan
537 2541 651 2621 trepida
674 2541 757 2602 colus

82 2624 186 2686 Clotho
208 2643 297 2686 manu
320 2625 447 2705 proiecit
469 2637 498 2688 et
518 2626 576 2688 lata
598 2624 734 2687 Herculis

80 2710 162 2772 timet
184 2728 335 2790 peragere.
381 2729 436 2790 pro
459 2711 545 2786 diem,
569 2710 722 2772 infandum
746 2709 838 2771 dieml

80 2794 176 2855 hocne
198 2795 247 2858 ille
269 2813 385 2857 summo
408 2813 533 2875 magnus
557 2795 674 2857 Alcides
696 2791 773 2856 eritl

81 2899 138 2941 um.
188 2881 232 2942 hd
254 2881 311 2942 lata
335 2890 363 2943 et
385 2880 505 2943 umbras
526 2883 622 2961 adque
645 2880 777 2960 peiorem
799 2878 901 2959 polum

80 2966 256 3045 praecedere
278 2965 361 3026 illum
384 2962 480 3027 dicis?
511 2985 547 3028 an
570 2984 692 3047 possum
714 2964 798 3044 prior

80 3060 205 3112 mortem
228 3047 395 3131 occupare?
424 3053 496 3127 fare,
519 3051 544 3112 si
567 3051 700 3113 nondum
724 3047 839 3111 occidit.

79 3152 143 3197 nrt.
186 3133 319 3197 Euboica
340 3135 427 3197 tellus
449 3137 558 3198 vertice
580 3136 726 3198 immenso
748 3143 866 3196 tumens

80 3219 215 3301 pulsatur
236 3221 317 3282 omni
338 3220 444 3282 latere:
467 3220 626 3283 Phrixeum
648 3238 728 3283 mare

82 3303 191 3367 scindit
213 3304 392 3385 Caphereus,
417 3306 507 3368 servit
527 3308 584 3368 hoc
607 3309 714 3368 hustro
737 3306 831 3377 latus;

163 3441 214 3491 743
232 3454 344 3492 occeano
362 3440 387 3492 Ε
473 3442 531 3493 746.
550 3442 582 3493 47
603 3455 653 3491 om.
671 3441 696 3490 A
723 3443 818 3489 satsat
835 3437 879 3502 Ες
905 3437 1052 3487 Dauniam
1070 3435 1152 3485 conti-

79 3513 200 3558 scantur
217 3511 237 3570 ς
261 3508 341 3576 Hyllo
360 3510 461 3560 dantur
477 3508 503 3559 Ε
570 3511 620 3561 746
638 3523 665 3561 re
686 3521 716 3559 na
739 3506 866 3573 triumpha
887 3504 1011 3570 Lipsim5
1035 3504 1153 3554 conieci:

79 3579 170 3642 regnat
186 3576 326 3644 triumphat
343 3578 409 3642 (scil.
428 3577 506 3640 Iuno)
567 3578 614 3628 751
634 3523 714 3628 halin
730 3576 756 3626 Ε
773 3574 836 3628 obiit
853 3578 872 3639 ς
931 3574 981 3626 752
1000 3586 1066 3639 quae
1083 3572 1153 3635 Α(ς)

81 3643 397 3697 malliacensem
466 3647 516 3698 756
534 3660 549 3696 o
567 3643 661 3696 larisll
730 3646 778 3695 757
798 3642 898 3695 ierorA
967 3643 1016 3693 758
1033 3639 1154 3691 Hercules

13 3748 14 3751 η
79 3713 113 3764 Α.
129 3740 162 3751 -
180 3716 287 3779 totoque
299 3713 398 3767 iacath'
450 3716 500 3767 759
519 3716 579 3778 neg
635 3711 816 3766 lddcredislt'
869 3714 916 3763 767
937 3706 1153 3762 nuncecceluetu

80 3780 105 3832 Ε
121 3779 335 3835 hunoeiulatuA.
354 3811 387 3820 -
406 3781 531 3837 cunctald
589 3781 753 3834 'lhsscolosA
805 3779 977 3832 'liidfatumA
1029 3779 1076 3829 771
1092 3775 1152 3827 hoc·

79 3849 135 3901 cine
152 3849 185 3902 Ε.
201 3877 236 3887 -
253 3850 298 3902 illo
318 3853 338 3912 ς
390 3852 439 3902 772
458 3850 539 3916 Hyllo
559 3853 733 3900 continuatur
749 3848 783 3902 A.
801 3876 835 3885 -
854 3850 931 3913 atque
943 3846 1018 3899 codd.
1034 3846 1154 3896 corrosit

78 3916 183 3969 Birtiur
241 3920 293 4036 34⁷3
311 3933 350 3985 pr.
368 3921 396 3970 tu
416 3918 452 3970 ill.
470 3920 495 3969 A
556 3921 606 3971 776
624 3916 693 3969 omni
710 3921 782 3984 parte
798 3916 831 3970 A.
849 3944 882 3956 -·
899 3913 1048 3967 frixeumld
1104 3915 1152 3964 777

80 3986 224 4052 Caphereus
