2686 4482
464 293 501 334 DE
523 290 739 335 mnrnnmnvs
761 291 890 334 uranum

551 418 586 506 ἐκ
600 430 645 506 δὲ
666 445 822 548 ysaacius
846 434 955 521 δόμων

347 524 423 590 τόδ’
447 512 524 609 ἦρξε
546 521 719 610 θηλείαισι
740 520 916 608 γίγνεσθαι
938 523 1035 589 κακόν

145 615 223 677 unde
245 632 332 676 suum
356 614 485 674 colorem
508 612 652 674 deducere
676 612 797 674 Ovidius
819 622 899 674 certe
922 631 984 675 non
1005 613 1113 707 potuit

229 698 365 760 Ovidium
388 706 485 771 cutem
507 697 538 758 in
554 697 703 759 Phaedrae
725 697 851 776 epistula
872 696 1043 759 adornanda
1065 696 1135 759 item
1157 698 1218 758 Eu·

143 783 247 864 ripidis
269 783 429 863 llippolyto
458 782 551 844 velatu
580 800 668 843 usum
698 801 763 845 osse
790 800 859 843 oum
884 781 979 843 visum
1003 790 1048 843 est
1070 781 1134 843 aliis
1155 792 1219 844 tum

143 869 301 949 probatum
323 888 338 929 a
363 866 584 928 Wilemowitzio
608 869 653 942 (Α.
677 867 711 927 Ε.
734 886 764 947 p.
781 868 843 930 209
859 867 918 945 sq.)
939 867 1001 946 qui,
1023 884 1091 928 cum
1113 886 1219 946 parum

143 964 224 1015 reete
246 953 282 1014 de
306 950 449 1013 Ovidiiv.
475 953 535 1015 136
557 951 702 1021 iudicarit,
725 949 877 1050 Plutarchi
898 951 997 1052 locum
1021 954 1106 1027 (mur
1129 970 1159 1053 p
1176 954 1217 1015 27

144 1047 200 1099 ext.
225 1041 266 1138 (p.
290 1038 348 1113 63,
371 1038 411 1099 20
434 1035 555 1112 llerch)
584 1031 639 1099 καί
666 1028 684 1096 ὁ
707 1033 866 1117 σύσκηνος
889 1027 990 1099 uisci
1012 1028 1156 1100 nolier‘
1139 1037 1218 1120 ορᾷς
1291 1088 1294 1099 ,

144 1143 197 1185 οτι
219 1118 277 1225 τήν
299 1144 335 1186 τε
355 1115 505 1221 Φαίδραν
529 1119 583 1183 καί
599 1119 890 1227 προσεγκαλοῦσαν
909 1142 956 1202 την
940 1121 1079 1202 ’Θησεῖ
1094 1124 1219 1186 πεποί-

143 1229 217 1289 ηκεν
241 1200 285 1283 ὥς
308 1202 363 1269 διὰ
385 1201 444 1281 τὰς
467 1200 591 1270 ἐκείνου
613 1200 825 1285 παρανομίας
848 1203 1050 1286 ἐρασθεῖσαν
1074 1205 1132 1269 τοῦ
1152 1200 1219 1270 Ἱπ-

143 1288 304 1368 πολύτου)
334 1290 544 1352 demonstrarit
572 1289 668 1352 Ovidii
696 1309 783 1353 versu
815 1294 874 1354 110
904 1301 933 1353 et
957 1291 1088 1353 Senecae
1107 1292 1217 1355 Phaed

143 1379 182 1441 91
208 1396 253 1456 sq
276 1376 438 1439 inlustrari.
482 1377 525 1437 sic
547 1376 602 1454 frg
625 1377 686 1440 433
795 1396 798 1405 ’

349 1458 413 1539 ἔχω
437 1456 474 1524 δε
495 1457 617 1562 τόλμης
639 1459 693 1523 καί
715 1453 871 1562 θράσους
889 1455 1088 1524 διδάσκαλον

350 1541 383 1609 ἐν
406 1553 478 1620 τοῖς
501 1538 717 1646 ἆμηχάνοισιν
741 1535 974 1646 εὐπορώτατον

341 1626 472 1712 Ἔρωτα
494 1627 629 1694 πάντων
653 1627 908 1710 δυσμαχώτατον
931 1627 1013 1695 θεόν

40 1789 43 1796 ,
145 1751 326 1813 componore
348 1731 417 1794 licet
440 1750 507 1794 cum
529 1734 593 1793 her.
616 1737 646 1807 4,
673 1736 709 1794 11

348 1834 485 1914 quidquid
505 1834 593 1896 Amor
615 1837 698 1894 iussit
719 1851 779 1894 non
801 1845 841 1896 est
863 1845 1040 1895 contemnere
1061 1846 1166 1905 tutum,

348 1927 450 1997 repnot
471 1931 497 1980 et
518 1923 551 1979 in
573 1919 701 1980 dominos
723 1922 769 1979 ins
790 1918 871 1980 dubet
892 1918 940 1979 ille
962 1920 1026 1980 deos
1049 1938 1073 1979 e.
1091 1937 1120 1998 q.
1137 1938 1162 1980 s.

146 2013 176 2065 et
197 2002 304 2065 Phaed.
329 2004 389 2067 184

656 2091 724 2150 uicit
745 2107 778 2149 ue
798 2097 899 2166 νεηνίαι
920 2089 1009 2166 [ανον

346 2183 500 2253 potensque
522 2183 582 2234 toto
604 2183 696 2234 mcntc
718 2173 886 2235 dominetur
906 2173 983 2234 dens·

349 2256 394 2317 hio
414 2256 528 2318 uoluoer
549 2261 630 2318 omni
645 2256 736 2337 pollet
756 2262 788 2318 in
810 2254 896 2318 terro*
912 2262 1050 2336 impotens

350 2340 511 2422 laesumque
531 2343 660 2420 (lammis
681 2353 770 2404 torret
792 2342 940 2405 indomitis
960 2341 1064 2403 locem.

263 2428 324 2490 218
347 2425 460 2488 Amoris
482 2431 515 2487 in
534 2446 579 2488 me
601 2431 764 2488 monimum
786 2432 1076 2506 προσαρκεῖν·

144 2513 188 2573 sic
209 2511 265 2589 lrg
289 2512 350 2574 436

350 2590 414 2700 ἐγώ
438 2592 474 2657 δέ
497 2616 583 2678 φημι
604 2590 660 2659 καί
682 2591 784 2695 νόμον
805 2616 842 2676 γε
863 2617 909 2700 μη
934 2590 1041 2677 σέβειν

350 2677 383 2743 ἓν
405 2686 496 2745 τοῖσι
519 2677 641 2755 δεινοῖς
661 2679 728 2744 τῶν
752 2671 938 2762 ἀναγκαίων
964 2677 1065 2743 πλέον

147 2785 215 2829 sum
236 2767 299 2826 her
324 2767 439 2838 4154

306 2851 417 2930 quid
437 2851 533 2911 docem
554 2867 613 2910 non
634 2850 711 2912 uidet
732 2848 809 2912 ullus
831 2868 940 2912 omens
953 2852 993 2927 ²⁰)

146 2946 176 2999 et
198 2934 305 2997 Phaed
332 2936 389 2997 177

555 3037 625 3099 quoe
645 3038 788 3081 momorm
808 3037 865 3082 suo

350 3120 420 3163 veru
443 3120 500 3163 csse
521 3107 635 3179 nunilo,
657 3106 705 3166 sed
725 3106 813 3184 furor
835 3108 906 3183 sopit
927 3108 1006 3184 sequi

347 3204 457 3266 peroro.

147 3283 177 3336 et
198 3273 241 3338 sio
262 3271 293 3332 iu
316 3270 380 3332 aliis
402 3286 531 3349 quoque,
554 3283 629 3350 quae
651 3273 687 3335 ad
703 3272 851 3334 Phaedrae
873 3290 971 3332 mures
987 3272 1071 3333 aliter
1085 3288 1172 3349 quam
1189 3269 1221 3332 in

148 3357 307 3439 hippolyto
331 3364 473 3417 coronato
488 3357 628 3418 formatos
643 3366 788 3437 spectant,
804 3376 865 3420 uon
880 3365 939 3418 tarn
955 3355 1049 3418 Ovidii
1065 3355 1221 3435 epistulam

146 3464 164 3506 a
180 3445 293 3505 Seneca
313 3459 480 3520 expressam
496 3459 560 3502 esse
576 3460 664 3520 quam
680 3451 841 3521 utrumque
855 3443 890 3504 sd
906 3459 1093 3503 communem
1108 3441 1220 3501 iontem

146 3529 307 3590 accessisse
330 3525 481 3606 probabile
504 3534 557 3587 est.

233 3611 311 3693 apud
328 3609 500 3692 Euripidem
515 3609 646 3673 Phaedra
664 3621 767 3690 questa
781 3621 843 3673 erat
857 3610 937 3689 quod
954 3629 1013 3672 una
1028 3609 1134 3671 domus
1150 3609 1222 3672 duas

148 3715 267 3760 sorores
289 3715 389 3758 amore
411 3694 602 3776 perdidisset:
632 3697 695 3757 her.
718 3700 748 3770 4,
772 3698 811 3760 63

234 3879 268 3946 ²⁰)
286 3880 388 3933 etms
407 3880 528 3946 Iuppiter
546 3895 600 3930 erse
620 3881 706 3960 pium
713 3882 810 3930 statuit
826 3878 1030 3960 quodcumque
1028 3881 1148 3942 iuuaret,
1171 3892 1224 3960 quo

148 3946 256 3999 tortasse
277 3952 377 4026 spectet
400 3948 448 4013 lrg.
466 3949 517 3999 448
539 3940 599 3997 ἀλλ’
620 3940 653 3997 ov’
674 3943 729 4015 γὰρ
754 3941 850 4018 ὀρθῶς
872 3947 958 3999 ταῦτα
983 3944 1126 4017 κρίνουσα
1149 3943 1220 4004 deci,

123 4025 129 4033 ’
147 4014 193 4078 qui
211 4013 331 4065 seilicet
324 4014 373 4080 rpsi
391 4020 505 4081 peccent
