2648 4478
446 231 484 273 DE
506 230 609 273 conica
629 231 766 275 ETRVSGO.

122 381 187 461 Thy.
209 383 285 445 1199
306 400 358 444 nco
379 383 453 461 quod
475 384 546 453 loon
568 382 644 462 qaod
665 381 738 458 Gn).

121 465 167 527 no
190 467 244 530 118
264 471 340 530 stetit
361 469 446 542 (0101
467 466 540 542 Ge).

157 570 180 610 v.
201 550 258 614 um
279 552 375 612 daras
395 562 470 613 totas
491 555 534 613 ire
551 570 606 631 per
626 552 710 613 urbes
732 551 818 627 (latas
840 550 913 628 Gn).

156 655 179 697 1.
203 638 278 700 1350
300 636 435 699 umbram
456 647 485 699 et
505 635 562 698 cilo
584 636 709 710 (umbrat
730 637 788 699 vile
811 637 884 711 Gn).

156 740 179 780 1.
202 723 278 785 1396
304 722 397 785 solum
420 739 529 803 quoquo
549 732 651 800 capeat
670 719 737 784 binc
758 734 786 784 et
807 721 886 784 illinc
907 741 1008 785 nemus
1033 722 1137 800 (solam

81 824 103 885 q.
123 810 202 884 aup's
220 819 325 885 0100101
345 806 373 867 lt.
385 826 408 868 0.
420 811 484 867 in.
502 808 630 868 Gronov.
652 818 752 887 carpat
773 807 838 869 ba'uc
855 807 934 870 illinc
947 808 1074 886 frameas
1088 809 1134 884 A).

80 889 265 953 scribendum:

673 987 699 1038 et
723 977 861 1056 quidquid
880 977 941 1055 fuit

284 1060 377 1124 salam
399 1077 508 1141 auoque
530 1065 644 1140 iacens:
668 1071 767 1140 stirpat
788 1061 853 1123 btbtc
875 1060 954 1122 illinc
975 1080 1075 1124 nemus

283 1155 417 1226 ortusque
438 1155 551 1207 nostms
572 1146 663 1208 durus
688 1150 815 1209 t'oma'ttot
837 1145 932 1208 Scitis:

282 1248 400 1310 sparscu
421 1230 517 1292 silebo.

150 1333 170 1373 v.
193 1317 275 1378 1540
297 1325 422 1376 uetustas
443 1318 572 1390 (00100110
594 1315 669 1390 Gn).

149 1418 170 1457 1.
190 1401 270 1463 1119
294 1404 418 1462 inueniet
439 1410 491 1462 aut
514 1398 661 1463 damnabit
682 1403 731 1475 (au
753 1407 899 1461 testantur
916 1399 1084 1463 Gronovius
1106 1408 1135 1463 et

76 1479 107 1540 N.
121 1481 262 1558 Heinsius3
287 1485 455 1547 Gronovius
474 1493 573 1546 autem
595 1484 701 1545 deinde
725 1484 835 1546 conicit
857 1484 1046 1548 scribendum
1069 1505 1134 1548 esse

77 1578 123 1628 aut
139 1564 298 1645 damnabit).

147 1672 169 1713 1.
193 1655 274 1717 1799
296 1664 407 1733 caperet
429 1655 554 1734 (eupator
576 1655 626 1715 Gr.
650 1661 679 1714 et
700 1653 735 1714 N.
758 1652 881 1729 Heius).

76 1735 118 1796 cni
141 1738 277 1818 florilegio
306 1737 458 1799 cumulum
487 1738 566 1799 addit
594 1739 673 1819 quod
703 1757 739 1799 ex
766 1756 810 1804 nv.
836 1739 917 1800 tam
940 1747 968 1799 et
993 1740 1073 1802 1473
1096 1739 1132 1800 ab

77 1818 176 1884 Etrusci
197 1823 318 1885 librario
341 1823 457 1884 omissis
486 1823 618 1903 singulas
641 1822 808 1885 Gronovius
834 1823 996 1903 scripturas
1022 1824 1131 1885 diserto

77 1907 226 1970 testimonio
248 1909 373 1989 profert.
691 1928 693 1931 ’

145 2077 272 2139 Tandem
295 2097 311 2139 e
333 2079 411 2139 saxis
432 2077 619 2155 dumetisque
641 2077 671 2138 in
694 2077 862 2138 amoeniora
877 2077 941 2138 loca
961 2077 1131 2139 deserimur.

76 2177 164 2240 nempe
185 2163 327 2243 qnoniam
350 2162 380 2223 in
403 2162 561 2239 arguendis
577 2161 708 2223 virorum
724 2161 878 2222 doctorum
894 2161 1045 2223 erroribus
1061 2163 1131 2225 satis

75 2246 201 2326 temporis
219 2247 368 2328 spatiique
391 2246 641 2326 consumpsimus,
664 2247 722 2309 iam
744 2264 913 2327 proponere
935 2248 1077 2326 quaedam
1099 2249 1131 2311 in

75 2329 156 2392 animo
183 2343 240 2406 est,
270 2351 346 2410 quae
375 2350 443 2393 cum
473 2349 658 2412 nequaquam
684 2330 749 2393 sine
771 2331 907 2392 lectionis
929 2332 1131 2395 emolumento

75 2414 171 2491 pridem
186 2428 254 2478 nota
272 2436 337 2478 esse
352 2416 514 2497 potuerint,
528 2417 624 2478 adhuc
634 2417 666 2478 in
681 2417 801 2495 optimis
816 2416 994 2479 membranis
1009 2418 1130 2480 latuere.

74 2497 168 2563 ridebis
181 2511 288 2576 autem,
305 2518 483 2581 quamquam
498 2520 532 2563 ea
545 2508 660 2581 tantum
675 2501 896 2562 recensebimus
907 2501 1015 2580 quibus
1026 2513 1130 2582 poetae

75 2584 145 2647 rerba
166 2587 315 2649 emendari
336 2587 469 2668 possint,
498 2606 558 2648 non
588 2586 823 2666 corruptelarum
844 2586 941 2647 adhuc
963 2587 1131 2665 ignotarum

76 2669 165 2732 molem
186 2690 394 2751 congeremus
415 2688 542 2733 messem
565 2671 681 2750 priores
704 2690 764 2758 non
788 2690 912 2750 prorsus
934 2672 1039 2733 exilem
1062 2672 1130 2734 reli·

78 2755 168 2830 quisse.
210 2757 346 2819 ordinem
368 2758 400 2819 in
422 2756 469 2817 his
491 2774 610 2836 quoqne
632 2757 726 2835 ipsius
748 2757 859 2817 codicis
881 2756 1057 2817 tenebimus.

132 2840 174 2903 111.
197 2844 258 2913 852
280 2855 362 2906 tauto
381 2860 434 2923 ptr
456 2859 569 2923 campos
590 2845 687 2920 coitur
707 2840 820 2902 silentes

281 2928 381 3000 turba3
399 2946 472 3007 pars
493 2928 577 2988 tarda
596 2927 730 3005 proditur
750 2935 868 2995 0000010,

221 3146 224 3151 .
277 3115 350 3191 pars
371 3096 720 3160 adcommodatiores
741 3099 813 3167 acci,
839 3125 841 3128 ·

281 3270 366 3328 ceteri
386 3266 496 3329 vadunt
513 3284 677 3346 peropaca
698 3269 801 3337 1110101,

196 3353 257 3415 862
280 3350 373 3432 qualis
394 3361 434 3413 est
454 3350 537 3412 uobis
557 3356 682 3423 animus,
704 3362 813 3413 remota

281 3436 342 3497 luce
362 3455 427 3498 cum
448 3447 571 3497 maestus
591 3434 648 3497 sibi
667 3440 783 3517 quisquc
803 3439 890 3497 sensit

280 3520 415 3583 obrutum
437 3533 496 3584 tota
517 3532 677 3601 caparosso
698 3531 785 3582 terra

76 3594 121 3661 hoc
139 3602 346 3667 intellexerunt
366 3607 420 3668 viri
443 3606 522 3668 docti
545 3615 578 3667 nt
601 3614 778 3686 potuerunt:
809 3604 951 3666 nimirum
973 3601 1128 3663 defunctos

75 3690 97 3743 11
119 3687 150 3748 ad
176 3689 338 3752 inferorum
368 3690 466 3754 sedem
495 3691 609 3753 delatos
637 3690 773 3752 similiter
796 3689 916 3752 affectos
938 3705 1002 3748 esse
1023 3685 1129 3748 animis

75 3775 146 3863 atque
173 3794 227 3837 nos
252 3795 320 3838 cum
343 3778 419 3838 10110
440 3777 471 3838 10
494 3776 666 3856 speluncam
689 3775 910 3836 subterraneam
931 3790 987 3833 nos
1009 3772 1129 3834 abdide-

75 3867 160 3918 umus.
183 3855 294 3924 ‘allusit
316 3861 429 3923 scilicet
449 3871 536 3942 poeta
554 3861 590 3922 ad
604 3862 669 3922 loca
684 3861 874 3922 subterranea
890 3858 994 3919 similia
1011 3868 1129 3938 cryptae
1164 3903 1167 3909 ,

76 3932 262 4021 Neapolitanae
278 3965 366 4027 quam
380 3947 506 4028 ipsemet
521 3946 608 4009 nobis
622 3945 778 4026 descripsit
792 3944 917 4025 epistola
933 3945 971 4006 57
985 3978 1037 4019 -,
1052 3961 1129 4023 quae

115 4047 153 4091 lico
166 4051 191 4095 da
204 4053 301 4097 Senecae
314 4054 441 4107 tragoedila.
910 4046 926 4095 3
