2686 4482
417 202 454 243 un
476 196 636 244 raucorum
659 202 828 245 1111101111.
1101 190 1158 250 151

94 371 157 414 cum
179 351 338 414 Herculem
359 351 451 412 semel
473 346 585 415 caelum
607 352 710 414 tulisse
732 354 818 431 pueri
840 354 943 417 sciant.
982 355 1053 416 ibid.
1080 356 1160 420 1343

597 436 650 498 dle
671 448 706 507 tc,
728 438 831 512 Alcide,
853 450 943 513 occet,

291 523 570 600 [concinnentem
590 533 668 585 tetta
690 540 761 602 puae
781 542 898 603 superos
919 524 996 585 solet.

91 607 180 668 Attica
204 606 345 669 nimirum
369 605 419 669 ubi
440 605 518 666 biars
540 605 698 668 homicidio
720 617 863 687 purgatus
888 612 989 685 eret.⁴)
1034 609 1102 670 item
1126 609 1161 669 de

92 690 217 753 Hercule
239 690 294 752 ΗΟ
319 692 400 754 1376
425 723 462 732 -
487 709 555 752 nam
576 693 657 769 quod
679 693 709 752 in
732 692 840 754 talibus
857 693 985 754 Hercule
1003 693 1112 755 Oetaeo
1127 701 1161 754 ut

91 777 210 855 reliquis
234 775 394 855 tragoediis
416 783 484 836 utor
506 794 567 837 non
590 776 769 856 improbable
791 811 833 821 -

294 879 362 940 pecs
383 859 453 922 soles
473 865 554 922 vince
574 863 694 941 interm.

89 945 173 1026 plane
201 945 281 1006 idem
309 946 392 1005 color
419 953 480 1017 est,
509 947 565 1006 alio
595 954 709 1008 tuntum
733 946 876 1025 loquendi
898 962 1007 1025 genere
1029 946 1160 1021 indutus,

88 1049 175 1110 quern
196 1030 290 1092 habes
312 1040 443 1091 controv.
467 1029 516 1106 lx,
530 1033 562 1105 6,
581 1032 601 1095 8
624 1031 726 1092 liberos
748 1032 834 1113 effere
857 1049 965 1111 semper
985 1035 1073 1092 emus
1094 1052 1162 1093 ucu-

88 1117 165 1178 tc'eris
193 1127 246 1176 cut
273 1115 417 1177 mendacio
445 1127 497 1177 out
519 1134 644 1188 vencec,
676 1134 744 1181 cum
765 1116 859 1178 lilium
882 1134 1025 1178 novercae
1047 1135 1160 1178 ueneno

87 1201 233 1346 1111111111,
262 1199 351 1348 16111111
378 1200 414 1261 ab
443 1199 577 1263 eiusdem
604 1202 759 1265 mendacio
787 1201 932 1267 defendat.
979 1202 1022 1261 sic
1049 1201 1161 1263 Seneca

91 1287 163 1347 Phae
187 1331 194 1345 .
220 1288 257 1347 11
284 1288 303 1346 4

292 1387 308 1429 o
330 1369 401 1431 dure
425 1368 531 1433 Theseu
552 1388 671 1449 scopes,
695 1387 713 1431 o
735 1389 892 1451 numquam
913 1373 951 1435 sd
971 1383 1035 1434 tom

292 1465 353 1515 tute
378 1473 498 1526 reverse,

90 1538 139 1601 ubi
168 1540 203 1601 ad
226 1537 334 1600 Thesei
356 1538 523 1601 Minotauro
551 1539 707 1611 interiecto
735 1540 908 1605 rermtentis
938 1541 1081 1607 incuriam
1110 1542 1161 1604 sd

91 1624 200 1686 luditur
220 1623 415 1687 subabsurde
459 1623 529 1689 ibid.
555 1625 637 1688 1166
690 1646 693 1655 ’

594 1714 738 1811 pmnertt's
759 1710 876 1775 domum

291 1812 390 1856 amore
410 1812 520 1874 semper
541 1799 695 1872 moiupum
716 1806 770 1861 eut
791 1794 853 1857 odeo
876 1812 988 1873 nocem,
1101 1852 1105 1859 .

92 1878 150 1955 uhi,
172 1888 206 1941 ut
228 1880 265 1940 ad
287 1878 436 1939 Ariadnen
458 1896 559 1959 supra,
582 1880 625 1939 sic
646 1879 681 1939 ad
706 1898 737 1940 se
759 1897 908 1960 unamque
931 1879 1087 1960 Antiopam
1113 1898 1162 1940 re·

88 1965 182 2044 spicit.
227 1963 298 2025 ibid
324 1964 405 2026 1207

290 2059 375 2128 tuque
396 2065 513 2131 semper,
535 2051 654 2127 pendor,
677 2052 738 2109 trac
758 2047 856 2145 11111111
876 2046 1011 2111 adsentor
1032 2062 1118 2120 meac,

89 2153 154 2196 cum
175 2135 237 2196 irae
261 2133 291 2194 in
315 2132 507 2230 Hippolytum
529 2128 616 2193 modo
640 2133 782 2194 adsensus
806 2133 844 2193 sit
865 2132 1031 2213 Neptunus,
1054 2134 1102 2196 alii
1126 2153 1161 2195 ex

88 2220 192 2283 Thesei
215 2218 319 2281 saltem
341 2216 487 2279 sententia
510 2236 681 2297 numquam
725 2215 838 2281 Pheen
862 2219 902 2281 34

290 2321 400 2382 semper
421 2313 535 2451 1111111111
555 2318 637 2366 succe
659 2302 781 2404 modales
801 2300 897 2381 feroc,
965 2308 968 2315 '

292 2407 357 2451 mm
379 2405 436 2449 ecce
456 2407 481 2451 eo
501 2400 528 2449 et
549 2407 614 2453 cum
654 2407 739 2450 crees.

88 2473 202 2554 Oedipo
226 2473 363 2535 Cithaero
384 2480 568 2552 pepercerat.
639 2473 660 2533 l.
686 2472 769 2536 1336

291 2561 479 2640 pontemque
500 2575 610 2639 semper
630 2557 740 2619 sceleris
762 2557 852 2620 clteur’
870 2556 979 2618 orditer

292 2661 374 2704 emas
394 2653 532 2718 nocentes,

85 2728 199 2790 scilicet
219 2724 398 2789 Pirithoum
443 2726 514 2787 Tro
537 2729 598 2790 500

292 2894 325 2956 H
430 2905 441 2957 t
495 2812 781 2912 perstrepentem
802 2827 878 2872 nnec
900 2806 1018 2880 tuus,'
1067 2828 1070 2833 ·

322 2907 407 2970 eder,
441 2898 527 2956 111111.

88 2983 173 3044 modo
197 2981 252 3061 qui
267 2976 490 3042 Andromachae
505 2990 688 3060 apparuerat.
727 2978 855 3057 denique
870 2974 947 3038 idem
963 2976 1062 3057 p'aullo
1077 2976 1162 3038 aliter
1257 2996 1265 3014 ·

13 3114 14 3147 t
89 3066 208 3129 eliertur
232 3072 327 3127 contr
349 3062 418 3140 VH,
441 3066 472 3138 3,
497 3068 664 3131 trevertcr
685 3066 723 3127 ud
743 3082 883 3126 cenenum
905 3066 1051 3160 mentem·
1061 3065 1161 3143 inipetu

87 3154 208 3231 [etune
238 3146 317 3213 nollo
346 3168 390 3211 me
414 3150 542 3229 pertento
572 3148 693 3230 desunpi
718 3148 802 3211 semel
826 3166 914 3231 passa
935 3158 991 3210 est:
1013 3147 1160 3213 nimirum

90 3246 203 3318 praeter
225 3250 373 3297 venenum
404 3248 464 3295 una
492 3233 635 3296 abdicatio
657 3233 831 3314 respicitur3
862 3248 990 3317 quocum
1014 3233 1083 3296 satis
1106 3234 1166 3295 erit

13 3378 14 3381 ,
90 3322 251 3385 contulisse
273 3319 342 3381 Tro.
368 3318 429 3383 134
451 3320 487 3380 de
509 3318 640 3381 Priamo:

291 3402 336 3466 nit
360 3398 447 3466 Troia
467 3396 552 3466 certet
571 3416 597 3471 te
618 3421 681 3485 repe
702 3400 776 3466 111111.

89 3490 304 3554 observandum
326 3496 426 3551 autem
448 3498 492 3550 est
514 3490 596 3551 locos
615 3507 689 3570 quos
705 3508 721 3549 e
737 3487 945 3550 controversiis
958 3483 1043 3546 attuli
1057 3502 1161 3546 omnes

13 3570 14 3573 ’
90 3577 271 3638 diversorum
294 3575 447 3636 rhetorum
469 3593 545 3650 esse,
568 3593 605 3635 ne
623 3574 710 3635 binos
726 3573 843 3668 quidem
859 3571 999 3632 eiusdem.
1030 3577 1161 3632 ceterum

90 3672 165 3723 erret
188 3660 240 3741 qui
261 3660 339 3720 hanc
361 3660 485 3738 liguram
507 3658 644 3720 omnibus
668 3654 731 3720 eius
753 3658 814 3718 aevi
836 3664 906 3737 poet
906 3657 931 3716 is
946 3657 1160 3734 frequentatam

172 3793 194 3859 ι1
213 3792 299 3845 neseio
322 3804 382 3844 nom
405 3792 466 3860 quid
490 3791 647 3846 recondlturn
669 3790 748 3843 latest
768 3786 1019 3852 sut.rueb.·v111‚
1043 3789 1162 3841 1661111

92 3862 163 3923 prim
188 3860 265 3912 acho
287 3860 360 3912 cudit
383 3868 462 3926 petam
480 3864 594 3928 mystica
611 3860 718 3926 lampae
736 3864 762 3910 et
779 3861 870 3909 theom
887 3856 976 3907 Elison
993 3856 1079 3907 multa
1096 3870 1164 3924 pur·

90 3930 164 3987 gavit
181 3929 284 3981 lumina
303 3929 421 3996 lptnpha.
