2658 4488
182 38 192 67 F

187 78 199 99 ,ι

175 238 238 301 246
556 255 583 297 ι.
607 255 712 297 assem
734 255 863 298 arsacis

397 477 406 491 κ
465 403 613 467 rraevs

259 507 376 587 ignave,
398 507 488 579 iners,
512 508 626 571 enervis
648 518 677 568 et
696 507 789 586 (quod
811 508 970 573 maximum

175 594 318 676 probrum
338 603 465 674 tyranno
487 591 577 653 rebus
599 593 631 654 io
652 592 776 653 summis
797 596 877 670 reor)

174 678 279 754 inulte,
301 686 375 759 post‘
391 688 434 739 tot
456 677 577 753 coelem,
599 688 668 758 post
689 676 788 739 fratris
809 676 894 740 dolos

177 764 280 844 fasque
301 781 389 824 omne
412 770 533 844 ruptum
556 763 708 843 questibus
729 761 812 825 ranis
833 763 896 844 agis

176 849 267 910 iratus
289 845 416 910 loeus?
452 847 576 908 fremere
598 848 655 909 iam
677 855 757 908 totus
780 848 838 911 tuis

175 933 301 996 debehat
321 933 411 994 armis
432 931 513 993 orbis
534 940 564 993 et
585 931 737 1011 geminum
760 949 841 993 mare

176 1021 324 1099 utrimque
345 1019 453 1080 classes
474 1034 571 1095 agere,
594 1018 652 1083 iam
674 1017 799 1080 mmmis
819 1036 908 1098 agros

175 1105 276 1166 lucere
297 1113 327 1164 et
348 1102 556 1173 urbesdocuit
576 1120 611 1164 ac
632 1103 766 1164 strictum
786 1102 920 1184 undique

175 1190 284 1251 micare
305 1188 425 1249 ferrum
470 1196 530 1247 tota
552 1185 607 1248 sub
630 1197 733 1249 nostro
755 1198 842 1250 sonet

175 1273 312 1354 Argolica
334 1272 422 1334 tellus
444 1271 559 1354 equite;
584 1290 644 1334 noo
667 1271 755 1333 silvae
777 1280 902 1351 tegant·

174 1361 291 1421 hostem
313 1377 369 1420 nec
390 1357 456 1418 altis
478 1356 624 1421 montium
647 1365 775 1419 structae
796 1357 872 1438 iugis

174 1461 273 1514 aroes;
296 1441 405 1506 relictis
427 1441 566 1505 bellicum
588 1452 667 1505 totus
689 1450 776 1504 canat

174 1529 305 1612 populus
326 1527 468 1608 Mycenis,
490 1527 625 1608 quisquis
646 1527 774 1589 invisum
796 1539 886 1608 caput

174 1614 248 1695 tegit
268 1633 302 1676 ao
324 1623 435 1687 tuetur,
457 1612 539 1675 clade
561 1613 678 1675 funesta
700 1613 823 1675 occidat.

174 1701 247 1762 haec
267 1700 332 1781 ipsa
354 1697 471 1779 pollens
492 1697 587 1760 incliti
608 1697 727 1778 Pelopis
748 1698 854 1760 domus

173 1784 305 1847 marvel
326 1783 357 1844 in
380 1801 438 1860 me,
460 1783 620 1844 dummodo
642 1783 674 1844 in
696 1783 815 1845 fratrem
837 1791 914 1845 ruat.

174 1888 237 1951 age,
259 1870 367 1943 anime,
389 1868 435 1930 iao
457 1869 535 1948 quod
559 1867 639 1928 nulla
662 1868 819 1948 posteritas
840 1867 956 1947 probet,

174 1956 225 2016 sed
248 1954 328 2016 nulla
350 1961 452 2014 taceat.
497 1954 614 2035 aliquoi!
638 1954 805 2015 audendum
826 1962 872 2015 est
894 1955 976 2017 nefas

173 2051 266 2116 atrox,
289 2050 456 2112 cruentum,
479 2037 536 2100 tale
558 2040 636 2119 quod
660 2038 749 2101 frater
770 2055 854 2100 meus

174 2143 261 2187 suum
284 2143 347 2186 esse
370 2123 468 2185 mallet
490 2158 532 2168 —
575 2123 687 2185 scelera
709 2142 771 2184 non
793 2123 954 2197 ulcisceris,

172 2210 229 2272 nisi
251 2210 352 2271 vincis.
397 2220 426 2270 et
449 2209 606 2288 quidesse
630 2219 688 2269 tam
710 2227 828 2269 saevum
851 2219 949 2289 potest

173 2295 252 2376 quod
274 2304 395 2375 superet
417 2291 524 2355 illum?
554 2294 699 2374 numquid
721 2293 853 2355 abiectus
875 2291 971 2357 iacet?
993 2357 998 2366 ,

172 2379 318 2461 numquid
339 2378 478 2440 secundis
498 2378 610 2459 patitur
632 2380 663 2439 in
688 2378 777 2439 rebus
798 2378 930 2451 modom,

172 2464 258 2527 fessis
280 2461 431 2545 quietem?
460 2463 529 2524 novi
552 2482 606 2541 ego
631 2463 785 2542 ingenium
807 2464 863 2526 viri

172 2550 315 2612 indocile:
339 2546 420 2612 flecti
443 2567 505 2610 non
528 2558 625 2630 potest
645 2583 689 2593 -
710 2548 805 2628 frangi
828 2557 934 2630 potest.

171 2636 298 2716 proinde
319 2643 475 2715 antequam
498 2652 529 2695 se
552 2634 649 2697 firmat
670 2642 722 2695 aut
743 2636 819 2697 vires
841 2644 934 2716 parat,

171 2728 289 2801 petatur
310 2718 399 2791 ultro,
422 2737 460 2780 ne
483 2718 682 2799 quiescentem
704 2720 812 2800 petat'

171 2816 222 2868 aut
243 2806 346 2888 perdet
367 2812 417 2866 aut
439 2803 563 2884 peribit:
586 2803 618 2866 io
641 2805 738 2866 medio
761 2814 803 2866 est
826 2802 924 2866 scelus
1036 2802 1040 2817 '

171 2891 301 2972 positum
323 2890 490 2971 occupanti.

460 3024 656 3086 SATELLES

528 3125 616 3187 Fama
638 3135 668 3186 te
689 3125 794 3207 populi
817 3124 890 3187 nihil

170 3212 290 3275 adversa
312 3206 424 3272 terret?
467 3228 531 3271 ssa.
576 3210 734 3272 Maximum
757 3210 814 3271 hoc
835 3211 919 3290 regni
942 3211 1056 3275 honum
1077 3221 1132 3284 est,
1205 3222 1253 3274 20⁶

103 3295 109 3303 '
173 3297 252 3377 quod
273 3296 348 3357 facta
370 3294 483 3356 domini
505 3295 621 3374 cogitur
643 3294 774 3376 populus
796 3294 842 3356 sui

174 3392 233 3443 tam
255 3381 332 3442 ferre
354 3396 442 3461 quam
464 3378 591 3441 laudare.
636 3399 699 3441 ssr·
742 3378 824 3450 Quos
845 3380 925 3460 cogit
946 3389 1043 3445 metus

171 3465 300 3542 laudare,
323 3464 441 3527 eosdem
463 3465 558 3527 reddit
579 3464 717 3526 inimicos
739 3474 845 3527 metus.

172 3561 201 3613 at
224 3553 274 3633 qui
297 3549 405 3614 favoris
425 3548 549 3629 gloriam
570 3551 632 3612 reri
654 3550 738 3630 petit,

257 3734 369 3771 scaenae
388 3717 483 3768 titulm
494 3718 595 3769 Atreus.
615 3715 724 3768 Satelles
737 3716 762 3767 Ε
780 3717 879 3769 Atreus.
899 3712 994 3767 Servus
1007 3715 1032 3764 A
1043 3716 1093 3778 (sio
1104 3732 1153 3782 per
1166 3723 1249 3769 totam

172 3789 307 3852 scaenam)
378 3788 424 3837 tta
444 3785 552 3852 probum
570 3784 595 3834 Ε
672 3787 720 3837 180
738 3786 801 3849 iras,
819 3791 846 3836 at
864 3785 915 3845 (vel
932 3789 967 3846 et)
985 3783 1067 3848 Argos
1093 3783 1111 3836 f.
1130 3786 1146 3835 i.
1164 3790 1248 3837 totam

171 3857 233 3919 tA
320 3855 366 3906 tor
387 3852 412 3905 d.
431 3852 598 3906 a.omaisA
686 3854 839 3906 182innare
862 3853 960 3904 classis.
987 3852 1037 3902 iam
1062 3851 1113 3905 tois
1137 3852 1163 3904 tl.
1182 3857 1248 3905 a.A

174 3924 222 3972 too
240 3922 355 4036 maliti?
439 3921 487 3972 tot
507 3918 591 3971 firmet
614 3933 637 3971 a.
661 3936 686 3971 v.
709 3925 782 3987 paret
799 3922 824 3971 A
910 3922 957 3972 tot
978 3933 1053 3985 quam
1078 3921 1096 3974 i.
1116 3927 1169 3972 tam
1186 3922 1204 3974 l.
1220 3924 1247 3973 A

174 3990 223 4039 209
241 4002 301 4038 vere
