<?xml version="1.0" encoding="UTF-8"?>
<!DOCTYPE html PUBLIC "-//W3C//DTD XHTML 1.0 Transitional//EN"
    "http://www.w3.org/TR/xhtml1/DTD/xhtml1-transitional.dtd">
<html xmlns="http://www.w3.org/1999/xhtml" xml:lang="en" lang="en">
 <head>
  <title>
</title>
<meta http-equiv="Content-Type" content="text/html;charset=utf-8" />
  <meta name='ocr-system' content='tesseract 3.04.00' />
  <meta name='ocr-capabilities' content='ocr_page ocr_carea ocr_par ocr_line ocrx_word'/>
</head>
<body>
  <div class='ocr_page' id='page_1' title='image "./lannaeisenecaet00leogoog_0100.png"; bbox 0 0 2686 4482; ppageno 0'>
   <div class='ocr_carea' id='block_1_1' title="bbox 420 241 1138 306">
    <p class='ocr_par' dir='ltr' id='par_1_1' title="bbox 420 241 1138 306">
     <span class='ocr_line' id='line_1_1' title="bbox 420 241 1138 306; baseline 0.008 -6"><span class='ocrx_word' id='word_1_1' title='bbox 420 259 458 301; x_wconf 86' lang='lat' dir='ltr'><strong>oa</strong></span> <span class='ocrx_word' id='word_1_2' title='bbox 480 257 667 300; x_wconf 74' lang='lat' dir='ltr'><strong>ransouaaru</strong></span> <span class='ocrx_word' id='word_1_3' title='bbox 688 257 781 302; x_wconf 82' lang='lat' dir='ltr'><strong>noris.</strong></span> <span class='ocrx_word' id='word_1_4' title='bbox 1099 241 1138 306; x_wconf 87' lang='grc'><strong>87</strong></span> 
     </span>
    </p>
   </div>
   <div class='ocr_carea' id='block_1_2' title="bbox 24 407 1140 4051">
    <p class='ocr_par' dir='ltr' id='par_1_2' title="bbox 24 407 1140 1830">
     <span class='ocr_line' id='line_1_2' title="bbox 72 407 1138 489; baseline 0.002 -19"><span class='ocrx_word' id='word_1_5' title='bbox 72 408 171 470; x_wconf 70' lang='lat' dir='ltr'><strong>amnti.</strong></span> <span class='ocrx_word' id='word_1_6' title='bbox 213 408 252 471; x_wconf 89' lang='lat' dir='ltr'><strong>ita</strong></span> <span class='ocrx_word' id='word_1_7' title='bbox 280 407 361 469; x_wconf 89' lang='lat' dir='ltr'><strong>enim</strong></span> <span class='ocrx_word' id='word_1_8' title='bbox 389 407 421 468; x_wconf 91' lang='lat' dir='ltr'><strong>in</strong></span> <span class='ocrx_word' id='word_1_9' title='bbox 449 408 622 469; x_wconf 86' lang='lat' dir='ltr'><strong>universnm</strong></span> <span class='ocrx_word' id='word_1_10' title='bbox 643 425 692 470; x_wconf 90' lang='lat' dir='ltr'><strong>res</strong></span> <span class='ocrx_word' id='word_1_11' title='bbox 713 408 847 472; x_wconf 88' lang='lat' dir='ltr'><strong>instituta</strong></span> <span class='ocrx_word' id='word_1_12' title='bbox 870 417 916 470; x_wconf 89' lang='lat' dir='ltr'><strong>est</strong></span> <span class='ocrx_word' id='word_1_13' title='bbox 936 418 971 471; x_wconf 93' lang='lat' dir='ltr'><strong>ut</strong></span> <span class='ocrx_word' id='word_1_14' title='bbox 992 426 1138 489; x_wconf 75' lang='lat' dir='ltr'>personae</span> 
     </span>
     <span class='ocr_line' id='line_1_3' title="bbox 72 492 1140 574; baseline 0.002 -20"><span class='ocrx_word' id='word_1_15' title='bbox 72 493 179 555; x_wconf 88' lang='lat' dir='ltr'><strong>scaenis</strong></span> <span class='ocrx_word' id='word_1_16' title='bbox 206 492 409 554; x_wconf 83' lang='lat' dir='ltr'><strong>inscribantur</strong></span> <span class='ocrx_word' id='word_1_17' title='bbox 436 511 497 554; x_wconf 94' lang='lat' dir='ltr'><strong>non</strong></span> <span class='ocrx_word' id='word_1_18' title='bbox 529 510 605 572; x_wconf 88' lang='lat' dir='ltr'><strong>quae</strong></span> <span class='ocrx_word' id='word_1_19' title='bbox 632 492 668 555; x_wconf 90' lang='lat' dir='ltr'><strong>ab</strong></span> <span class='ocrx_word' id='word_1_20' title='bbox 697 492 782 555; x_wconf 91' lang='lat' dir='ltr'><strong>initio</strong></span> <span class='ocrx_word' id='word_1_21' title='bbox 804 512 838 555; x_wconf 89' lang='lat' dir='ltr'><strong>re</strong></span> <span class='ocrx_word' id='word_1_22' title='bbox 859 511 929 555; x_wconf 81' lang='lat' dir='ltr'><strong>vera</strong></span> <span class='ocrx_word' id='word_1_23' title='bbox 949 502 1140 574; x_wconf 81' lang='lat' dir='ltr'><strong>compareant</strong></span> 
     </span>
     <span class='ocr_line' id='line_1_4' title="bbox 24 576 1139 658; baseline -0.003 -13"><span class='ocrx_word' id='word_1_24' title='bbox 24 576 25 645; x_wconf 77' lang='lat' dir='ltr'><strong>j</strong></span> <span class='ocrx_word' id='word_1_25' title='bbox 74 577 224 640; x_wconf 85' lang='lat' dir='ltr'><strong>sedetiam</strong></span> <span class='ocrx_word' id='word_1_26' title='bbox 246 596 324 657; x_wconf 85' lang='lat' dir='ltr'><strong>quae</strong></span> <span class='ocrx_word' id='word_1_27' title='bbox 346 578 483 658; x_wconf 89' lang='lat' dir='ltr'><strong>personis</strong></span> <span class='ocrx_word' id='word_1_28' title='bbox 505 578 562 638; x_wconf 89' lang='lat' dir='ltr'><strong>iam</strong></span> <span class='ocrx_word' id='word_1_29' title='bbox 578 578 765 657; x_wconf 86' lang='lat' dir='ltr'><strong>quantumvis</strong></span> <span class='ocrx_word' id='word_1_30' title='bbox 782 578 948 640; x_wconf 76' lang='lat' dir='ltr'><strong>conlocatis</strong></span> <span class='ocrx_word' id='word_1_31' title='bbox 966 597 1139 642; x_wconf 77' lang='lat' dir='ltr'><strong>recessurae</strong></span> 
     </span>
     <span class='ocr_line' id='line_1_5' title="bbox 72 660 1137 742; baseline 0.004 -19"><span class='ocrx_word' id='word_1_32' title='bbox 72 661 135 739; x_wconf 91' lang='lat' dir='ltr'><strong>sint,</strong></span> <span class='ocrx_word' id='word_1_33' title='bbox 157 671 191 725; x_wconf 92' lang='lat' dir='ltr'><strong>ut</strong></span> <span class='ocrx_word' id='word_1_34' title='bbox 209 663 295 724; x_wconf 90' lang='lat' dir='ltr'><strong>binas</strong></span> <span class='ocrx_word' id='word_1_35' title='bbox 318 681 440 724; x_wconf 91' lang='lat' dir='ltr'><strong>scaenas</strong></span> <span class='ocrx_word' id='word_1_36' title='bbox 462 660 573 741; x_wconf 79' lang='lat' dir='ltr'><strong>singuli</strong></span> <span class='ocrx_word' id='word_1_37' title='bbox 595 662 708 725; x_wconf 91' lang='lat' dir='ltr'><strong>indices</strong></span> <span class='ocrx_word' id='word_1_38' title='bbox 734 663 979 742; x_wconf 77' lang='lat' dir='ltr'><strong>complectantur.</strong></span> <span class='ocrx_word' id='word_1_39' title='bbox 1023 664 1069 726; x_wconf 86' lang='lat' dir='ltr'><strong>sic</strong></span> <span class='ocrx_word' id='word_1_40' title='bbox 1089 663 1137 727; x_wconf 82' lang='lat' dir='ltr'><strong>lli.</strong></span> 
     </span>
     <span class='ocr_line' id='line_1_6' title="bbox 72 745 1138 828; baseline 0.006 -20"><span class='ocrx_word' id='word_1_41' title='bbox 72 748 127 810; x_wconf 80' lang='grc'><strong>205</strong></span> <span class='ocrx_word' id='word_1_42' title='bbox 149 766 192 828; x_wconf 86' lang='lat' dir='ltr'><strong>sq.</strong></span> <span class='ocrx_word' id='word_1_43' title='bbox 215 765 339 810; x_wconf 89' lang='lat' dir='ltr'><strong>scaenae</strong></span> <span class='ocrx_word' id='word_1_44' title='bbox 361 745 534 809; x_wconf 81' lang='lat' dir='ltr'><strong>inscribitur</strong></span> <span class='ocrx_word' id='word_1_45' title='bbox 555 747 655 828; x_wconf 77' lang='lat' dir='ltr'><strong>Amph.</strong></span> <span class='ocrx_word' id='word_1_46' title='bbox 678 745 754 827; x_wconf 79' lang='lat' dir='ltr'><strong>Mep.</strong></span> <span class='ocrx_word' id='word_1_47' title='bbox 776 746 857 828; x_wconf 76' lang='lat' dir='ltr'><strong>dyc,</strong></span> <span class='ocrx_word' id='word_1_48' title='bbox 880 748 932 810; x_wconf 92' lang='lat' dir='ltr'><strong>sed</strong></span> <span class='ocrx_word' id='word_1_49' title='bbox 957 747 1053 828; x_wconf 76' lang='lat' dir='ltr'><strong>Lycus</strong></span> <span class='ocrx_word' id='word_1_50' title='bbox 1076 750 1138 813; x_wconf 90' lang='grc'><strong>332</strong></span> 
     </span>
     <span class='ocr_line' id='line_1_7' title="bbox 75 832 1138 912; baseline 0.004 -20"><span class='ocrx_word' id='word_1_51' title='bbox 75 832 182 893; x_wconf 90' lang='lat' dir='ltr'><strong>demum</strong></span> <span class='ocrx_word' id='word_1_52' title='bbox 203 840 343 912; x_wconf 89' lang='lat' dir='ltr'><strong>apparet;</strong></span> <span class='ocrx_word' id='word_1_53' title='bbox 366 832 418 912; x_wconf 87' lang='lat' dir='ltr'><strong>qui</strong></span> <span class='ocrx_word' id='word_1_54' title='bbox 440 833 465 892; x_wconf 89' lang='lat' dir='ltr'><strong>si</strong></span> <span class='ocrx_word' id='word_1_55' title='bbox 488 832 607 912; x_wconf 77' lang='lat' dir='ltr'><strong>priores</strong></span> <span class='ocrx_word' id='word_1_56' title='bbox 626 832 722 894; x_wconf 88' lang='lat' dir='ltr'><strong>soceri</strong></span> <span class='ocrx_word' id='word_1_57' title='bbox 744 850 900 912; x_wconf 80' lang='lat' dir='ltr'><strong>nurusque</strong></span> <span class='ocrx_word' id='word_1_58' title='bbox 918 851 1072 895; x_wconf 90' lang='lat' dir='ltr'><strong>sermones</strong></span> <span class='ocrx_word' id='word_1_59' title='bbox 1085 852 1138 897; x_wconf 92' lang='lat' dir='ltr'><strong>au·</strong></span> 
     </span>
     <span class='ocr_line' id='line_1_8' title="bbox 74 913 1138 998; baseline 0.002 -20"><span class='ocrx_word' id='word_1_60' title='bbox 74 913 165 993; x_wconf 86' lang='lat' dir='ltr'><strong>disset,</strong></span> <span class='ocrx_word' id='word_1_61' title='bbox 187 918 284 979; x_wconf 89' lang='lat' dir='ltr'><strong>statim</strong></span> <span class='ocrx_word' id='word_1_62' title='bbox 308 916 375 979; x_wconf 89' lang='lat' dir='ltr'><strong>illos</strong></span> <span class='ocrx_word' id='word_1_63' title='bbox 396 917 465 979; x_wconf 90' lang='lat' dir='ltr'><strong>duci</strong></span> <span class='ocrx_word' id='word_1_64' title='bbox 486 916 613 978; x_wconf 87' lang='lat' dir='ltr'><strong>iuberet</strong></span> <span class='ocrx_word' id='word_1_65' title='bbox 646 917 715 978; x_wconf 86' lang='lat' dir='ltr'><strong>Tro.</strong></span> <span class='ocrx_word' id='word_1_66' title='bbox 739 919 800 981; x_wconf 81' lang='grc'><strong>203</strong></span> <span class='ocrx_word' id='word_1_67' title='bbox 824 917 988 979; x_wconf 90' lang='lat' dir='ltr'><strong>indiculum</strong></span> <span class='ocrx_word' id='word_1_68' title='bbox 1008 918 1138 998; x_wconf 80' lang='lat' dir='ltr'><strong>praefert</strong></span> 
     </span>
     <span class='ocr_line' id='line_1_9' title="bbox 74 996 1137 1082; baseline 0 -20"><span class='ocrx_word' id='word_1_69' title='bbox 74 998 170 1080; x_wconf 69' lang='lat' dir='ltr'><strong>Pyrrh.</strong></span> <span class='ocrx_word' id='word_1_70' title='bbox 193 1002 294 1082; x_wconf 79' lang='lat' dir='ltr'><strong>Apum.</strong></span> <span class='ocrx_word' id='word_1_71' title='bbox 325 1001 434 1077; x_wconf 70' lang='lat' dir='ltr'><strong>Colch,</strong></span> <span class='ocrx_word' id='word_1_72' title='bbox 464 1000 514 1063; x_wconf 87' lang='lat' dir='ltr'><strong>sed</strong></span> <span class='ocrx_word' id='word_1_73' title='bbox 544 1001 664 1063; x_wconf 84' lang='lat' dir='ltr'><strong>Calchas</strong></span> <span class='ocrx_word' id='word_1_74' title='bbox 692 1000 811 1064; x_wconf 90' lang='lat' dir='ltr'><strong>demum</strong></span> <span class='ocrx_word' id='word_1_75' title='bbox 839 1021 865 1062; x_wconf 85' lang='lat' dir='ltr'><strong>v.</strong></span> <span class='ocrx_word' id='word_1_76' title='bbox 889 1004 951 1066; x_wconf 82' lang='lat'><strong>352</strong></span> <span class='ocrx_word' id='word_1_77' title='bbox 970 996 1137 1079; x_wconf 79' lang='lat' dir='ltr'><strong>‘vocatur’,</strong></span> 
     </span>
     <span class='ocr_line' id='line_1_10' title="bbox 73 1084 1136 1167; baseline 0.004 -23"><span class='ocrx_word' id='word_1_78' title='bbox 73 1084 165 1148; x_wconf 87' lang='lat' dir='ltr'><strong>lalsnm</strong></span> <span class='ocrx_word' id='word_1_79' title='bbox 186 1087 277 1166; x_wconf 79' lang='lat' dir='ltr'><strong>igitur</strong></span> <span class='ocrx_word' id='word_1_80' title='bbox 298 1088 335 1149; x_wconf 90' lang='lat' dir='ltr'><strong>de</strong></span> <span class='ocrx_word' id='word_1_81' title='bbox 357 1104 462 1149; x_wconf 87' lang='lat' dir='ltr'><strong>scaena</strong></span> <span class='ocrx_word' id='word_1_82' title='bbox 484 1086 642 1167; x_wconf 77' lang='lat' dir='ltr'><strong>imaginem</strong></span> <span class='ocrx_word' id='word_1_83' title='bbox 663 1086 757 1148; x_wconf 89' lang='lat' dir='ltr'><strong>lector</strong></span> <span class='ocrx_word' id='word_1_84' title='bbox 778 1088 917 1167; x_wconf 86' lang='lat' dir='ltr'><strong>concapit</strong></span> <span class='ocrx_word' id='word_1_85' title='bbox 934 1087 982 1149; x_wconf 93' lang='lat' dir='ltr'><strong>cui</strong></span> <span class='ocrx_word' id='word_1_86' title='bbox 1000 1087 1036 1149; x_wconf 90' lang='lat' dir='ltr'><strong>ab</strong></span> <span class='ocrx_word' id='word_1_87' title='bbox 1051 1087 1136 1149; x_wconf 93' lang='lat' dir='ltr'><strong>initio</strong></span> 
     </span>
     <span class='ocr_line' id='line_1_11' title="bbox 74 1168 1136 1251; baseline 0.002 -20"><span class='ocrx_word' id='word_1_88' title='bbox 74 1168 148 1232; x_wconf 91' lang='lat' dir='ltr'><strong>illum</strong></span> <span class='ocrx_word' id='word_1_89' title='bbox 175 1171 335 1251; x_wconf 91' lang='lat' dir='ltr'><strong>conloquio</strong></span> <span class='ocrx_word' id='word_1_90' title='bbox 364 1172 510 1233; x_wconf 88' lang='lat' dir='ltr'><strong>interesse</strong></span> <span class='ocrx_word' id='word_1_91' title='bbox 538 1172 703 1251; x_wconf 91' lang='lat' dir='ltr'><strong>putandum</strong></span> <span class='ocrx_word' id='word_1_92' title='bbox 730 1180 789 1246; x_wconf 88' lang='lat' dir='ltr'><strong>est;</strong></span> <span class='ocrx_word' id='word_1_93' title='bbox 817 1171 887 1233; x_wconf 88' lang='lat' dir='ltr'><strong>item</strong></span> <span class='ocrx_word' id='word_1_94' title='bbox 910 1172 1082 1251; x_wconf 79' lang='lat' dir='ltr'><strong>Aegisthum</strong></span> <span class='ocrx_word' id='word_1_95' title='bbox 1104 1173 1136 1233; x_wconf 93' lang='lat' dir='ltr'><strong>in</strong></span> 
     </span>
     <span class='ocr_line' id='line_1_12' title="bbox 75 1255 1137 1336; baseline 0.004 -22"><span class='ocrx_word' id='word_1_96' title='bbox 75 1255 294 1333; x_wconf 72' lang='lat' dir='ltr'><strong>Agamemnonis</strong></span> <span class='ocrx_word' id='word_1_97' title='bbox 315 1274 421 1318; x_wconf 88' lang='lat' dir='ltr'><strong>scaena</strong></span> <span class='ocrx_word' id='word_1_98' title='bbox 443 1258 504 1320; x_wconf 82' lang='lat'><strong>953</strong></span> <span class='ocrx_word' id='word_1_99' title='bbox 527 1275 588 1336; x_wconf 64' lang='lat' dir='ltr'><strong>sq„</strong></span> <span class='ocrx_word' id='word_1_100' title='bbox 618 1256 670 1335; x_wconf 86' lang='lat' dir='ltr'><strong>qui</strong></span> <span class='ocrx_word' id='word_1_101' title='bbox 692 1255 849 1318; x_wconf 85' lang='lat' dir='ltr'><strong>advocatur</strong></span> <span class='ocrx_word' id='word_1_102' title='bbox 873 1277 898 1317; x_wconf 85' lang='lat' dir='ltr'><strong>v.</strong></span> <span class='ocrx_word' id='word_1_103' title='bbox 922 1258 994 1321; x_wconf 80' lang='lat'><strong>979.</strong></span> <span class='ocrx_word' id='word_1_104' title='bbox 1037 1258 1137 1318; x_wconf 91' lang='lat' dir='ltr'><strong>minus</strong></span> 
     </span>
     <span class='ocr_line' id='line_1_13' title="bbox 74 1340 1136 1420; baseline 0.002 -19"><span class='ocrx_word' id='word_1_105' title='bbox 74 1349 167 1417; x_wconf 83' lang='lat' dir='ltr'><strong>poetae</strong></span> <span class='ocrx_word' id='word_1_106' title='bbox 188 1341 314 1404; x_wconf 92' lang='lat' dir='ltr'><strong>consilio</strong></span> <span class='ocrx_word' id='word_1_107' title='bbox 336 1340 441 1403; x_wconf 89' lang='lat' dir='ltr'><strong>obesse</strong></span> <span class='ocrx_word' id='word_1_108' title='bbox 462 1341 579 1402; x_wconf 88' lang='lat' dir='ltr'><strong>videtur</strong></span> <span class='ocrx_word' id='word_1_109' title='bbox 600 1341 680 1420; x_wconf 82' lang='lat' dir='ltr'><strong>quod</strong></span> <span class='ocrx_word' id='word_1_110' title='bbox 701 1340 778 1402; x_wconf 80' lang='lat' dir='ltr'><strong>Med.</strong></span> <span class='ocrx_word' id='word_1_111' title='bbox 801 1343 863 1408; x_wconf 83' lang='grc'><strong>879</strong></span> <span class='ocrx_word' id='word_1_112' title='bbox 889 1342 990 1404; x_wconf 83' lang='lat' dir='ltr'><strong>Medea</strong></span> <span class='ocrx_word' id='word_1_113' title='bbox 1012 1349 1042 1403; x_wconf 88' lang='lat' dir='ltr'><strong>et</strong></span> <span class='ocrx_word' id='word_1_114' title='bbox 1063 1342 1136 1404; x_wconf 83' lang='lat' dir='ltr'><strong>Oed.</strong></span> 
     </span>
     <span class='ocr_line' id='line_1_14' title="bbox 77 1424 1137 1505; baseline 0.001 -19"><span class='ocrx_word' id='word_1_115' title='bbox 77 1424 129 1488; x_wconf 81' lang='grc'><strong>388</strong></span> <span class='ocrx_word' id='word_1_116' title='bbox 142 1425 253 1489; x_wconf 88' lang='lat' dir='ltr'><strong>Iocasta</strong></span> <span class='ocrx_word' id='word_1_117' title='bbox 266 1426 415 1488; x_wconf 92' lang='lat' dir='ltr'><strong>indicibus</strong></span> <span class='ocrx_word' id='word_1_118' title='bbox 431 1426 615 1502; x_wconf 89' lang='lat' dir='ltr'><strong>inseruntur,</strong></span> <span class='ocrx_word' id='word_1_119' title='bbox 638 1444 816 1505; x_wconf 89' lang='lat' dir='ltr'><strong>quamquam</strong></span> <span class='ocrx_word' id='word_1_120' title='bbox 832 1427 905 1488; x_wconf 90' lang='lat' dir='ltr'><strong>haec</strong></span> <span class='ocrx_word' id='word_1_121' title='bbox 919 1426 1003 1488; x_wconf 89' lang='lat' dir='ltr'><strong>finito</strong></span> <span class='ocrx_word' id='word_1_122' title='bbox 1018 1426 1137 1488; x_wconf 89' lang='lat' dir='ltr'><strong>demum</strong></span> 
     </span>
     <span class='ocr_line' id='line_1_15' title="bbox 76 1507 1138 1590; baseline 0.001 -19"><span class='ocrx_word' id='word_1_123' title='bbox 76 1507 170 1590; x_wconf 85' lang='lat' dir='ltr'><strong>Oedipi</strong></span> <span class='ocrx_word' id='word_1_124' title='bbox 196 1529 352 1587; x_wconf 88' lang='lat' dir='ltr'><strong>sermone,</strong></span> <span class='ocrx_word' id='word_1_125' title='bbox 379 1510 427 1571; x_wconf 90' lang='lat' dir='ltr'><strong>illa</strong></span> <span class='ocrx_word' id='word_1_126' title='bbox 456 1520 523 1590; x_wconf 90' lang='lat' dir='ltr'><strong>post</strong></span> <span class='ocrx_word' id='word_1_127' title='bbox 551 1510 650 1572; x_wconf 91' lang='lat' dir='ltr'><strong>nuntii</strong></span> <span class='ocrx_word' id='word_1_128' title='bbox 680 1529 749 1572; x_wconf 92' lang='lat' dir='ltr'><strong>cum</strong></span> <span class='ocrx_word' id='word_1_129' title='bbox 775 1512 866 1572; x_wconf 90' lang='lat' dir='ltr'><strong>choro</strong></span> <span class='ocrx_word' id='word_1_130' title='bbox 887 1511 1078 1590; x_wconf 85' lang='lat' dir='ltr'><strong>conloquium</strong></span> <span class='ocrx_word' id='word_1_131' title='bbox 1102 1529 1138 1572; x_wconf 85' lang='lat' dir='ltr'><strong>ex</strong></span> 
     </span>
     <span class='ocr_line' id='line_1_16' title="bbox 76 1594 1136 1675; baseline 0.007 -22"><span class='ocrx_word' id='word_1_132' title='bbox 76 1594 183 1657; x_wconf 86' lang='lat' dir='ltr'><strong>aedibus</strong></span> <span class='ocrx_word' id='word_1_133' title='bbox 209 1596 381 1675; x_wconf 88' lang='lat' dir='ltr'><strong>prosiliunt.</strong></span> <span class='ocrx_word' id='word_1_134' title='bbox 424 1614 543 1656; x_wconf 90' lang='lat' dir='ltr'><strong>rursum</strong></span> <span class='ocrx_word' id='word_1_135' title='bbox 572 1612 660 1673; x_wconf 79' lang='lat' dir='ltr'><strong>aegre</strong></span> <span class='ocrx_word' id='word_1_136' title='bbox 690 1595 812 1657; x_wconf 83' lang='lat' dir='ltr'><strong>ierimus</strong></span> <span class='ocrx_word' id='word_1_137' title='bbox 840 1595 920 1674; x_wconf 89' lang='lat' dir='ltr'><strong>quod</strong></span> <span class='ocrx_word' id='word_1_138' title='bbox 942 1594 1051 1656; x_wconf 87' lang='lat' dir='ltr'><strong>Phaed.</strong></span> <span class='ocrx_word' id='word_1_139' title='bbox 1074 1597 1136 1660; x_wconf 83' lang='grc'><strong>358</strong></span> 
     </span>
     <span class='ocr_line' id='line_1_17' title="bbox 75 1674 1136 1760; baseline 0.004 -23"><span class='ocrx_word' id='word_1_140' title='bbox 75 1674 192 1742; x_wconf 88' lang='lat' dir='ltr'><strong>Phaedra</strong></span> <span class='ocrx_word' id='word_1_141' title='bbox 214 1699 284 1741; x_wconf 91' lang='lat' dir='ltr'><strong>cum</strong></span> <span class='ocrx_word' id='word_1_142' title='bbox 306 1680 424 1741; x_wconf 89' lang='lat' dir='ltr'><strong>nutrice</strong></span> <span class='ocrx_word' id='word_1_143' title='bbox 444 1679 565 1759; x_wconf 88' lang='lat' dir='ltr'><strong>prodire</strong></span> <span class='ocrx_word' id='word_1_144' title='bbox 586 1680 700 1741; x_wconf 88' lang='lat' dir='ltr'><strong>videtur</strong></span> <span class='ocrx_word' id='word_1_145' title='bbox 724 1683 768 1758; x_wconf 87' lang='lat' dir='ltr'><strong>(ut</strong></span> <span class='ocrx_word' id='word_1_146' title='bbox 790 1681 821 1741; x_wconf 84' lang='lat' dir='ltr'><strong>fit</strong></span> <span class='ocrx_word' id='word_1_147' title='bbox 845 1680 923 1760; x_wconf 90' lang='lat' dir='ltr'><strong>apud</strong></span> <span class='ocrx_word' id='word_1_148' title='bbox 940 1680 1136 1760; x_wconf 83' lang='lat' dir='ltr'><strong>Euripidem),</strong></span> 
     </span>
     <span class='ocr_line' id='line_1_18' title="bbox 79 1762 452 1830; baseline 0.008 -8"><span class='ocrx_word' id='word_1_149' title='bbox 79 1762 161 1826; x_wconf 91' lang='lat' dir='ltr'><strong>donec</strong></span> <span class='ocrx_word' id='word_1_150' title='bbox 179 1784 205 1826; x_wconf 92' lang='lat' dir='ltr'><strong>v.</strong></span> <span class='ocrx_word' id='word_1_151' title='bbox 231 1768 294 1830; x_wconf 82' lang='grc'><strong>384</strong></span> <span class='ocrx_word' id='word_1_152' title='bbox 316 1765 452 1826; x_wconf 88' lang='lat' dir='ltr'><strong>audimus</strong></span> 
     </span>
    </p>

    <p class='ocr_par' dir='ltr' id='par_1_3' title="bbox 66 1850 1138 2523">
     <span class='ocr_line' id='line_1_19' title="bbox 267 1850 807 1930; baseline -0.002 -19"><span class='ocrx_word' id='word_1_153' title='bbox 267 1851 316 1911; x_wconf 82' lang='lat' dir='ltr'><strong>sed</strong></span> <span class='ocrx_word' id='word_1_154' title='bbox 337 1869 372 1911; x_wconf 80' lang='lat' dir='ltr'><strong>aa</strong></span> <span class='ocrx_word' id='word_1_155' title='bbox 389 1860 537 1930; x_wconf 80' lang='lat' dir='ltr'><strong>patescunt</strong></span> <span class='ocrx_word' id='word_1_156' title='bbox 557 1853 653 1928; x_wconf 79' lang='lat' dir='ltr'><strong>rapide</strong></span> <span class='ocrx_word' id='word_1_157' title='bbox 673 1850 807 1929; x_wconf 73' lang='lat' dir='ltr'><strong>suscipio,</strong></span> 
     </span>
     <span class='ocr_line' id='line_1_20' title="bbox 66 1928 1137 2013; baseline 0.007 -24"><span class='ocrx_word' id='word_1_158' title='bbox 66 1928 125 1999; x_wconf 63' lang='lat' dir='ltr'><strong>,ian</strong></span> <span class='ocrx_word' id='word_1_159' title='bbox 146 1934 220 1995; x_wconf 92' lang='lat' dir='ltr'><strong>enim</strong></span> <span class='ocrx_word' id='word_1_160' title='bbox 243 1934 377 1996; x_wconf 89' lang='lat' dir='ltr'><strong>machina</strong></span> <span class='ocrx_word' id='word_1_161' title='bbox 392 1933 553 1996; x_wconf 88' lang='lat' dir='ltr'><strong>Phaedram</strong></span> <span class='ocrx_word' id='word_1_162' title='bbox 572 1934 604 1995; x_wconf 93' lang='lat' dir='ltr'><strong>in</strong></span> <span class='ocrx_word' id='word_1_163' title='bbox 623 1935 810 2013; x_wconf 72' lang='lat' dir='ltr'><strong>gynaeconiti</strong></span> <span class='ocrx_word' id='word_1_164' title='bbox 825 1934 964 2010; x_wconf 85' lang='lat' dir='ltr'><strong>ostendit,</strong></span> <span class='ocrx_word' id='word_1_165' title='bbox 987 1942 1137 1996; x_wconf 88' lang='lat' dir='ltr'><strong>remotura</strong></span> 
     </span>
     <span class='ocr_line' id='line_1_21' title="bbox 79 2016 1137 2082; baseline 0.006 -7"><span class='ocrx_word' id='word_1_166' title='bbox 79 2016 166 2078; x_wconf 85' lang='lat' dir='ltr'><strong>eadem</strong></span> <span class='ocrx_word' id='word_1_167' title='bbox 193 2038 219 2079; x_wconf 84' lang='lat' dir='ltr'><strong>v.</strong></span> <span class='ocrx_word' id='word_1_168' title='bbox 243 2020 322 2082; x_wconf 79' lang='lat'>403:</span> <span class='ocrx_word' id='word_1_169' title='bbox 352 2038 421 2082; x_wconf 90' lang='lat' dir='ltr'><strong>nam</strong></span> <span class='ocrx_word' id='word_1_170' title='bbox 449 2020 559 2081; x_wconf 87' lang='lat' dir='ltr'><strong>chorus</strong></span> <span class='ocrx_word' id='word_1_171' title='bbox 580 2037 607 2079; x_wconf 85' lang='lat' dir='ltr'><strong>v.</strong></span> <span class='ocrx_word' id='word_1_172' title='bbox 629 2022 693 2082; x_wconf 87' lang='grc'><strong>404</strong></span> <span class='ocrx_word' id='word_1_173' title='bbox 715 2038 778 2080; x_wconf 91' lang='lat' dir='ltr'><strong>non</strong></span> <span class='ocrx_word' id='word_1_174' title='bbox 799 2017 961 2081; x_wconf 89' lang='lat' dir='ltr'><strong>Phaedram</strong></span> <span class='ocrx_word' id='word_1_175' title='bbox 983 2021 1070 2081; x_wconf 93' lang='lat' dir='ltr'><strong>modo</strong></span> <span class='ocrx_word' id='word_1_176' title='bbox 1092 2021 1137 2081; x_wconf 93' lang='lat' dir='ltr'><strong>lo·</strong></span> 
     </span>
     <span class='ocr_line' id='line_1_22' title="bbox 79 2102 1138 2184; baseline 0.005 -25"><span class='ocrx_word' id='word_1_177' title='bbox 79 2109 162 2163; x_wconf 74' lang='lat' dir='ltr'><strong>cutm</strong></span> <span class='ocrx_word' id='word_1_178' title='bbox 181 2103 298 2165; x_wconf 84' lang='lat' dir='ltr'><strong>adlatur</strong></span> <span class='ocrx_word' id='word_1_179' title='bbox 319 2104 371 2166; x_wconf 87' lang='lat' dir='ltr'><strong>sed</strong></span> <span class='ocrx_word' id='word_1_180' title='bbox 393 2102 549 2166; x_wconf 85' lang='lat' dir='ltr'><strong>nutricem.</strong></span> <span class='ocrx_word' id='word_1_181' title='bbox 594 2103 698 2165; x_wconf 89' lang='lat' dir='ltr'><strong>eodem</strong></span> <span class='ocrx_word' id='word_1_182' title='bbox 726 2104 814 2165; x_wconf 94' lang='lat' dir='ltr'><strong>modo</strong></span> <span class='ocrx_word' id='word_1_183' title='bbox 835 2103 937 2166; x_wconf 83' lang='lat' dir='ltr'><strong>lledoa</strong></span> <span class='ocrx_word' id='word_1_184' title='bbox 966 2122 1138 2184; x_wconf 89' lang='lat' dir='ltr'><strong>comparere</strong></span> 
     </span>
     <span class='ocr_line' id='line_1_23' title="bbox 79 2184 1137 2263; baseline 0.006 -19"><span class='ocrx_word' id='word_1_185' title='bbox 79 2184 179 2250; x_wconf 79' lang='lat' dir='ltr'><strong>ridetur</strong></span> <span class='ocrx_word' id='word_1_186' title='bbox 197 2208 225 2249; x_wconf 86' lang='lat' dir='ltr'><strong>v.</strong></span> <span class='ocrx_word' id='word_1_187' title='bbox 248 2190 329 2263; x_wconf 81' lang='grc'><strong>738,</strong></span> <span class='ocrx_word' id='word_1_188' title='bbox 358 2207 427 2251; x_wconf 92' lang='lat' dir='ltr'><strong>cnm</strong></span> <span class='ocrx_word' id='word_1_189' title='bbox 452 2189 516 2251; x_wconf 92' lang='lat' dir='ltr'><strong>eius</strong></span> <span class='ocrx_word' id='word_1_190' title='bbox 539 2205 648 2250; x_wconf 88' lang='lat' dir='ltr'><strong>nomen</strong></span> <span class='ocrx_word' id='word_1_191' title='bbox 671 2189 729 2250; x_wconf 92' lang='lat' dir='ltr'><strong>iam</strong></span> <span class='ocrx_word' id='word_1_192' title='bbox 752 2189 814 2251; x_wconf 82' lang='lat'><strong>670</strong></span> <span class='ocrx_word' id='word_1_193' title='bbox 836 2188 967 2250; x_wconf 90' lang='lat' dir='ltr'><strong>indiculo</strong></span> <span class='ocrx_word' id='word_1_194' title='bbox 993 2190 1137 2251; x_wconf 89' lang='lat' dir='ltr'><strong>insertum</strong></span> 
     </span>
     <span class='ocr_line' id='line_1_24' title="bbox 79 2268 1137 2354; baseline 0.008 -26"><span class='ocrx_word' id='word_1_195' title='bbox 79 2268 118 2331; x_wconf 90' lang='lat' dir='ltr'><strong>sit.</strong></span> <span class='ocrx_word' id='word_1_196' title='bbox 157 2273 185 2335; x_wconf 90' lang='lat' dir='ltr'><strong>in</strong></span> <span class='ocrx_word' id='word_1_197' title='bbox 207 2273 340 2336; x_wconf 90' lang='lat' dir='ltr'><strong>Phaedra</strong></span> <span class='ocrx_word' id='word_1_198' title='bbox 367 2281 465 2337; x_wconf 90' lang='lat' dir='ltr'><strong>autem</strong></span> <span class='ocrx_word' id='word_1_199' title='bbox 493 2272 627 2335; x_wconf 90' lang='lat' dir='ltr'><strong>omnium</strong></span> <span class='ocrx_word' id='word_1_200' title='bbox 654 2273 776 2335; x_wconf 87' lang='lat' dir='ltr'><strong>minime</strong></span> <span class='ocrx_word' id='word_1_201' title='bbox 804 2273 959 2335; x_wconf 84' lang='lat' dir='ltr'><strong>ferendum</strong></span> <span class='ocrx_word' id='word_1_202' title='bbox 987 2273 1137 2354; x_wconf 89' lang='lat' dir='ltr'><strong>estquod</strong></span> 
     </span>
     <span class='ocr_line' id='line_1_25' title="bbox 80 2356 1137 2440; baseline 0.006 -25"><span class='ocrx_word' id='word_1_203' title='bbox 80 2356 132 2420; x_wconf 81' lang='grc'><strong>436</strong></span> <span class='ocrx_word' id='word_1_204' title='bbox 145 2376 234 2420; x_wconf 83' lang='lat' dir='ltr'><strong>novae</strong></span> <span class='ocrx_word' id='word_1_205' title='bbox 248 2377 373 2420; x_wconf 89' lang='lat' dir='ltr'><strong>scaenae</strong></span> <span class='ocrx_word' id='word_1_206' title='bbox 386 2358 502 2440; x_wconf 78' lang='lat' dir='ltr'><strong>Hippot.</strong></span> <span class='ocrx_word' id='word_1_207' title='bbox 518 2358 606 2420; x_wconf 78' lang='lat' dir='ltr'><strong>Nota.</strong></span> <span class='ocrx_word' id='word_1_208' title='bbox 621 2358 804 2435; x_wconf 84' lang='lat' dir='ltr'><strong>inscribitur,</strong></span> <span class='ocrx_word' id='word_1_209' title='bbox 820 2376 888 2419; x_wconf 90' lang='lat' dir='ltr'><strong>cum</strong></span> <span class='ocrx_word' id='word_1_210' title='bbox 903 2360 1029 2422; x_wconf 88' lang='lat' dir='ltr'><strong>nutricis</strong></span> <span class='ocrx_word' id='word_1_211' title='bbox 1043 2359 1137 2421; x_wconf 88' lang='lat' dir='ltr'><strong>oratio</strong></span> 
     </span>
     <span class='ocr_line' id='line_1_26' title="bbox 80 2438 1099 2523; baseline 0.004 -23"><span class='ocrx_word' id='word_1_212' title='bbox 80 2438 110 2500; x_wconf 91' lang='lat' dir='ltr'><strong>ab</strong></span> <span class='ocrx_word' id='word_1_213' title='bbox 128 2441 276 2523; x_wconf 75' lang='lat' dir='ltr'><strong>hippolyti</strong></span> <span class='ocrx_word' id='word_1_214' title='bbox 298 2443 420 2506; x_wconf 89' lang='lat' dir='ltr'><strong>auribus</strong></span> <span class='ocrx_word' id='word_1_215' title='bbox 442 2443 565 2504; x_wconf 93' lang='lat' dir='ltr'><strong>omnino</strong></span> <span class='ocrx_word' id='word_1_216' title='bbox 587 2444 713 2505; x_wconf 87' lang='lat' dir='ltr'><strong>arcenda</strong></span> <span class='ocrx_word' id='word_1_217' title='bbox 735 2444 773 2505; x_wconf 92' lang='lat' dir='ltr'><strong>sit</strong></span> <span class='ocrx_word' id='word_1_218' title='bbox 796 2454 825 2505; x_wconf 95' lang='lat' dir='ltr'><strong>et</strong></span> <span class='ocrx_word' id='word_1_219' title='bbox 847 2446 909 2507; x_wconf 84' lang='lat'><strong>423</strong></span> <span class='ocrx_word' id='word_1_220' title='bbox 932 2444 980 2505; x_wconf 93' lang='lat' dir='ltr'><strong>illa</strong></span> <span class='ocrx_word' id='word_1_221' title='bbox 1006 2444 1099 2506; x_wconf 88' lang='lat' dir='ltr'><strong>dicat:</strong></span> 
     </span>
    </p>

    <p class='ocr_par' dir='ltr' id='par_1_4' title="bbox 472 2529 792 2607">
     <span class='ocr_line' id='line_1_27' title="bbox 472 2529 792 2607; baseline -0.006 -17"><span class='ocrx_word' id='word_1_222' title='bbox 472 2547 508 2590; x_wconf 82' lang='lat' dir='ltr'><strong>aa</strong></span> <span class='ocrx_word' id='word_1_223' title='bbox 528 2529 608 2607; x_wconf 80' lang='lat' dir='ltr'><strong>fouet</strong></span> <span class='ocrx_word' id='word_1_224' title='bbox 628 2532 702 2589; x_wconf 83' lang='lat' dir='ltr'><strong>cotio</strong></span> <span class='ocrx_word' id='word_1_225' title='bbox 723 2529 792 2591; x_wconf 81' lang='lat' dir='ltr'><strong>deo:</strong></span> 
     </span>
    </p>

    <p class='ocr_par' dir='ltr' id='par_1_5' title="bbox 269 2611 973 2692">
     <span class='ocr_line' id='line_1_28' title="bbox 269 2611 973 2692; baseline 0 -18"><span class='ocrx_word' id='word_1_226' title='bbox 269 2618 364 2692; x_wconf 82' lang='lat' dir='ltr'><strong>ipsum</strong></span> <span class='ocrx_word' id='word_1_227' title='bbox 384 2616 485 2675; x_wconf 78' lang='lat' dir='ltr'><strong>intuor</strong></span> <span class='ocrx_word' id='word_1_228' title='bbox 503 2611 627 2675; x_wconf 81' lang='lat' dir='ltr'><strong>solemne</strong></span> <span class='ocrx_word' id='word_1_229' title='bbox 648 2624 829 2676; x_wconf 67' lang='lat' dir='ltr'><strong>morantem</strong></span> <span class='ocrx_word' id='word_1_230' title='bbox 850 2632 973 2689; x_wconf 78' lang='lat' dir='ltr'><strong>somam,</strong></span> 
     </span>
    </p>

    <p class='ocr_par' dir='ltr' id='par_1_6' title="bbox 82 2697 1139 3440">
     <span class='ocr_line' id='line_1_29' title="bbox 268 2697 627 2760; baseline 0 -2"><span class='ocrx_word' id='word_1_231' title='bbox 268 2697 348 2759; x_wconf 81' lang='lat' dir='ltr'><strong>nollo</strong></span> <span class='ocrx_word' id='word_1_232' title='bbox 371 2698 448 2760; x_wconf 82' lang='lat' dir='ltr'><strong>latua</strong></span> <span class='ocrx_word' id='word_1_233' title='bbox 468 2703 627 2760; x_wconf 80' lang='lat' dir='ltr'><strong>comitante.</strong></span> 
     </span>
     <span class='ocr_line' id='line_1_30' title="bbox 83 2779 1138 2863; baseline 0.001 -23"><span class='ocrx_word' id='word_1_234' title='bbox 83 2789 153 2841; x_wconf 83' lang='lat' dir='ltr'><strong>autea</strong></span> <span class='ocrx_word' id='word_1_235' title='bbox 178 2800 234 2843; x_wconf 89' lang='lat' dir='ltr'><strong>nec</strong></span> <span class='ocrx_word' id='word_1_236' title='bbox 263 2800 280 2842; x_wconf 88' lang='lat' dir='ltr'><strong>a</strong></span> <span class='ocrx_word' id='word_1_237' title='bbox 302 2789 468 2861; x_wconf 89' lang='lat' dir='ltr'><strong>spectatore</strong></span> <span class='ocrx_word' id='word_1_238' title='bbox 489 2783 622 2863; x_wconf 88' lang='lat' dir='ltr'><strong>conspici</strong></span> <span class='ocrx_word' id='word_1_239' title='bbox 644 2791 750 2862; x_wconf 90' lang='lat' dir='ltr'><strong>potest.</strong></span> <span class='ocrx_word' id='word_1_240' title='bbox 794 2781 897 2842; x_wconf 91' lang='lat' dir='ltr'><strong>eodem</strong></span> <span class='ocrx_word' id='word_1_241' title='bbox 922 2789 1019 2842; x_wconf 88' lang='lat' dir='ltr'><strong>autem</strong></span> <span class='ocrx_word' id='word_1_242' title='bbox 1042 2779 1138 2841; x_wconf 90' lang='lat' dir='ltr'><strong>Phoe·</strong></span> 
     </span>
     <span class='ocr_line' id='line_1_31' title="bbox 82 2862 1139 2947; baseline -0.001 -22"><span class='ocrx_word' id='word_1_243' title='bbox 82 2862 212 2928; x_wconf 85' lang='lat' dir='ltr'><strong>uissarum</strong></span> <span class='ocrx_word' id='word_1_244' title='bbox 240 2884 347 2928; x_wconf 88' lang='lat' dir='ltr'><strong>scaena</strong></span> <span class='ocrx_word' id='word_1_245' title='bbox 376 2867 506 2947; x_wconf 88' lang='lat' dir='ltr'><strong>pertinet</strong></span> <span class='ocrx_word' id='word_1_246' title='bbox 534 2867 582 2928; x_wconf 92' lang='lat' dir='ltr'><strong>cui</strong></span> <span class='ocrx_word' id='word_1_247' title='bbox 610 2867 699 2929; x_wconf 85' lang='lat' dir='ltr'><strong>index</strong></span> <span class='ocrx_word' id='word_1_248' title='bbox 726 2866 893 2927; x_wconf 89' lang='lat' dir='ltr'><strong>communis</strong></span> <span class='ocrx_word' id='word_1_249' title='bbox 920 2865 1068 2944; x_wconf 77' lang='lat' dir='ltr'><strong>praefixus</strong></span> <span class='ocrx_word' id='word_1_250' title='bbox 1095 2873 1139 2925; x_wconf 89' lang='lat' dir='ltr'><strong>cst</strong></span> 
     </span>
     <span class='ocr_line' id='line_1_32' title="bbox 82 2948 1138 3031; baseline 0.001 -23"><span class='ocrx_word' id='word_1_251' title='bbox 82 2948 155 3010; x_wconf 85' lang='lat' dir='ltr'><strong>etiam</strong></span> <span class='ocrx_word' id='word_1_252' title='bbox 176 2951 368 3031; x_wconf 80' lang='lat' dir='ltr'><strong>conloquium</strong></span> <span class='ocrx_word' id='word_1_253' title='bbox 389 2953 469 3014; x_wconf 89' lang='lat' dir='ltr'><strong>inter</strong></span> <span class='ocrx_word' id='word_1_254' title='bbox 482 2959 606 3014; x_wconf 82' lang='lat' dir='ltr'><strong>matrem</strong></span> <span class='ocrx_word' id='word_1_255' title='bbox 621 2960 650 3014; x_wconf 92' lang='lat' dir='ltr'><strong>et</strong></span> <span class='ocrx_word' id='word_1_256' title='bbox 664 2952 741 3013; x_wconf 85' lang='lat' dir='ltr'><strong>lilios</strong></span> <span class='ocrx_word' id='word_1_257' title='bbox 756 2950 937 3030; x_wconf 83' lang='lat' dir='ltr'><strong>complexus,</strong></span> <span class='ocrx_word' id='word_1_258' title='bbox 961 2966 1138 3028; x_wconf 88' lang='lat' dir='ltr'><strong>quamquam</strong></span> 
     </span>
     <span class='ocr_line' id='line_1_33' title="bbox 83 3033 1137 3099; baseline 0.002 -7"><span class='ocrx_word' id='word_1_259' title='bbox 83 3035 192 3097; x_wconf 87' lang='lat' dir='ltr'><strong>utillud</strong></span> <span class='ocrx_word' id='word_1_260' title='bbox 214 3036 421 3098; x_wconf 87' lang='lat' dir='ltr'><strong>institueretur</strong></span> <span class='ocrx_word' id='word_1_261' title='bbox 443 3055 550 3099; x_wconf 90' lang='lat' dir='ltr'><strong>scaena</strong></span> <span class='ocrx_word' id='word_1_262' title='bbox 572 3036 711 3099; x_wconf 87' lang='lat' dir='ltr'><strong>mutanda</strong></span> <span class='ocrx_word' id='word_1_263' title='bbox 733 3045 804 3097; x_wconf 88' lang='lat' dir='ltr'><strong>erat.</strong></span> <span class='ocrx_word' id='word_1_264' title='bbox 839 3052 941 3096; x_wconf 85' lang='lat' dir='ltr'><strong>verum</strong></span> <span class='ocrx_word' id='word_1_265' title='bbox 964 3040 1009 3095; x_wconf 89' lang='lat' dir='ltr'><strong>est</strong></span> <span class='ocrx_word' id='word_1_266' title='bbox 1030 3042 1059 3096; x_wconf 90' lang='lat' dir='ltr'><strong>et</strong></span> <span class='ocrx_word' id='word_1_267' title='bbox 1080 3033 1137 3095; x_wconf 90' lang='lat' dir='ltr'><strong>hoc</strong></span> 
     </span>
     <span class='ocr_line' id='line_1_34' title="bbox 84 3114 1138 3199; baseline 0.003 -22"><span class='ocrx_word' id='word_1_268' title='bbox 84 3114 138 3179; x_wconf 91' lang='lat' dir='ltr'><strong>loco</strong></span> <span class='ocrx_word' id='word_1_269' title='bbox 157 3127 185 3181; x_wconf 85' lang='lat' dir='ltr'><strong>et</strong></span> <span class='ocrx_word' id='word_1_270' title='bbox 205 3121 253 3182; x_wconf 83' lang='lat' dir='ltr'><strong>flf.</strong></span> <span class='ocrx_word' id='word_1_271' title='bbox 271 3123 334 3185; x_wconf 81' lang='lat'><strong>205</strong></span> <span class='ocrx_word' id='word_1_272' title='bbox 358 3131 387 3182; x_wconf 91' lang='lat' dir='ltr'><strong>et</strong></span> <span class='ocrx_word' id='word_1_273' title='bbox 399 3120 476 3183; x_wconf 88' lang='lat' dir='ltr'><strong>hled.</strong></span> <span class='ocrx_word' id='word_1_274' title='bbox 493 3123 555 3186; x_wconf 83' lang='lat'><strong>670</strong></span> <span class='ocrx_word' id='word_1_275' title='bbox 576 3123 608 3183; x_wconf 92' lang='lat' dir='ltr'><strong>in</strong></span> <span class='ocrx_word' id='word_1_276' title='bbox 623 3122 647 3182; x_wconf 80' lang='grc' dir='ltr'><em>Α</em></span> <span class='ocrx_word' id='word_1_277' title='bbox 662 3122 794 3183; x_wconf 88' lang='lat' dir='ltr'><strong>vitiosam</strong></span> <span class='ocrx_word' id='word_1_278' title='bbox 817 3137 991 3182; x_wconf 89' lang='lat' dir='ltr'><strong>scaenarum</strong></span> <span class='ocrx_word' id='word_1_279' title='bbox 1013 3119 1138 3199; x_wconf 89' lang='lat' dir='ltr'><strong>discrip-</strong></span> 
     </span>
     <span class='ocr_line' id='line_1_35' title="bbox 84 3199 1139 3283; baseline 0.007 -23"><span class='ocrx_word' id='word_1_280' title='bbox 84 3199 178 3266; x_wconf 87' lang='lat' dir='ltr'><strong>tionem</strong></span> <span class='ocrx_word' id='word_1_281' title='bbox 198 3216 365 3269; x_wconf 88' lang='lat' dir='ltr'><strong>correctam</strong></span> <span class='ocrx_word' id='word_1_282' title='bbox 386 3225 462 3283; x_wconf 87' lang='lat' dir='ltr'><strong>esso,</strong></span> <span class='ocrx_word' id='word_1_283' title='bbox 485 3206 536 3268; x_wconf 89' lang='lat' dir='ltr'><strong>sed</strong></span> <span class='ocrx_word' id='word_1_284' title='bbox 559 3206 588 3268; x_wconf 94' lang='lat' dir='ltr'><strong>id</strong></span> <span class='ocrx_word' id='word_1_285' title='bbox 604 3225 640 3269; x_wconf 85' lang='lat' dir='ltr'><strong>ex</strong></span> <span class='ocrx_word' id='word_1_286' title='bbox 653 3206 775 3267; x_wconf 87' lang='lat' dir='ltr'><strong>libidine</strong></span> <span class='ocrx_word' id='word_1_287' title='bbox 789 3205 900 3268; x_wconf 84' lang='lat' dir='ltr'><strong>factum</strong></span> <span class='ocrx_word' id='word_1_288' title='bbox 916 3214 974 3280; x_wconf 86' lang='lat' dir='ltr'><strong>cst;</strong></span> <span class='ocrx_word' id='word_1_289' title='bbox 997 3205 1139 3267; x_wconf 87' lang='lat' dir='ltr'><strong>nimirum</strong></span> 
     </span>
     <span class='ocr_line' id='line_1_36' title="bbox 84 3286 1138 3372; baseline 0.004 -25"><span class='ocrx_word' id='word_1_290' title='bbox 84 3286 189 3368; x_wconf 83' lang='lat' dir='ltr'><strong>reliquis</strong></span> <span class='ocrx_word' id='word_1_291' title='bbox 217 3292 294 3352; x_wconf 90' lang='lat' dir='ltr'><strong>locis</strong></span> <span class='ocrx_word' id='word_1_292' title='bbox 317 3291 439 3353; x_wconf 88' lang='lat' dir='ltr'><strong>eandem</strong></span> <span class='ocrx_word' id='word_1_293' title='bbox 463 3292 585 3372; x_wconf 86' lang='lat' dir='ltr'><strong>reliquit</strong></span> <span class='ocrx_word' id='word_1_294' title='bbox 607 3299 636 3354; x_wconf 88' lang='lat' dir='ltr'><strong>et</strong></span> <span class='ocrx_word' id='word_1_295' title='bbox 658 3291 704 3352; x_wconf 85' lang='lat' dir='ltr'><strong>vel</strong></span> <span class='ocrx_word' id='word_1_296' title='bbox 726 3309 830 3354; x_wconf 87' lang='lat' dir='ltr'><strong>novam</strong></span> <span class='ocrx_word' id='word_1_297' title='bbox 851 3290 952 3353; x_wconf 93' lang='lat' dir='ltr'><strong>intulit</strong></span> <span class='ocrx_word' id='word_1_298' title='bbox 972 3290 1043 3351; x_wconf 85' lang='lat' dir='ltr'><strong>Tro.</strong></span> <span class='ocrx_word' id='word_1_299' title='bbox 1065 3291 1138 3365; x_wconf 81' lang='lat'><strong>409,</strong></span> 
     </span>
     <span class='ocr_line' id='line_1_37' title="bbox 84 3369 1084 3440; baseline 0.001 -8"><span class='ocrx_word' id='word_1_300' title='bbox 84 3369 125 3433; x_wconf 88' lang='lat' dir='ltr'><strong>ubi</strong></span> <span class='ocrx_word' id='word_1_301' title='bbox 144 3374 252 3437; x_wconf 85' lang='lat' dir='ltr'><strong>Ulixem</strong></span> <span class='ocrx_word' id='word_1_302' title='bbox 275 3376 302 3436; x_wconf 84' lang='grc' dir='ltr'><em>Ε</em></span> <span class='ocrx_word' id='word_1_303' title='bbox 323 3377 432 3438; x_wconf 88' lang='lat' dir='ltr'><strong>omittit</strong></span> <span class='ocrx_word' id='word_1_304' title='bbox 452 3384 482 3438; x_wconf 91' lang='lat' dir='ltr'><strong>et</strong></span> <span class='ocrx_word' id='word_1_305' title='bbox 503 3396 527 3437; x_wconf 90' lang='lat' dir='ltr'><strong>v.</strong></span> <span class='ocrx_word' id='word_1_306' title='bbox 548 3378 610 3440; x_wconf 83' lang='lat'><strong>524</strong></span> <span class='ocrx_word' id='word_1_307' title='bbox 632 3376 750 3438; x_wconf 89' lang='lat' dir='ltr'><strong>demum</strong></span> <span class='ocrx_word' id='word_1_308' title='bbox 774 3393 828 3437; x_wconf 93' lang='lat' dir='ltr'><strong>suo</strong></span> <span class='ocrx_word' id='word_1_309' title='bbox 850 3375 916 3437; x_wconf 88' lang='lat' dir='ltr'><strong>loco</strong></span> <span class='ocrx_word' id='word_1_310' title='bbox 939 3374 1084 3436; x_wconf 88' lang='lat' dir='ltr'><strong>inscribit.</strong></span> 
     </span>
    </p>

    <p class='ocr_par' dir='ltr' id='par_1_7' title="bbox 154 3457 1138 3542">
     <span class='ocr_line' id='line_1_38' title="bbox 154 3457 1138 3542; baseline -0.004 -21"><span class='ocrx_word' id='word_1_311' title='bbox 154 3459 223 3522; x_wconf 90' lang='lat' dir='ltr'><strong>haec</strong></span> <span class='ocrx_word' id='word_1_312' title='bbox 245 3462 316 3523; x_wconf 89' lang='lat' dir='ltr'><strong>satis</strong></span> <span class='ocrx_word' id='word_1_313' title='bbox 337 3461 410 3523; x_wconf 93' lang='lat' dir='ltr'><strong>mihi</strong></span> <span class='ocrx_word' id='word_1_314' title='bbox 433 3460 627 3542; x_wconf 85' lang='lat' dir='ltr'><strong>comprobare</strong></span> <span class='ocrx_word' id='word_1_315' title='bbox 647 3461 784 3523; x_wconf 86' lang='lat' dir='ltr'><strong>videntur</strong></span> <span class='ocrx_word' id='word_1_316' title='bbox 805 3477 1001 3540; x_wconf 90' lang='lat' dir='ltr'><strong>personarum</strong></span> <span class='ocrx_word' id='word_1_317' title='bbox 1015 3457 1138 3532; x_wconf 90' lang='lat' dir='ltr'><strong>indices,</strong></span> 
     </span>
    </p>

    <p class='ocr_par' dir='ltr' id='par_1_8' title="bbox 28 3546 1140 4051">
     <span class='ocr_line' id='line_1_39' title="bbox 84 3546 1137 3626; baseline 0 -22"><span class='ocrx_word' id='word_1_318' title='bbox 84 3549 247 3620; x_wconf 70' lang='lat' dir='ltr'><strong>aucense</strong></span> <span class='ocrx_word' id='word_1_319' title='bbox 268 3565 285 3607; x_wconf 92' lang='lat' dir='ltr'><strong>a</strong></span> <span class='ocrx_word' id='word_1_320' title='bbox 307 3552 395 3625; x_wconf 89' lang='lat' dir='ltr'><strong>poeta</strong></span> <span class='ocrx_word' id='word_1_321' title='bbox 417 3554 446 3608; x_wconf 89' lang='lat' dir='ltr'><strong>et</strong></span> <span class='ocrx_word' id='word_1_322' title='bbox 467 3547 543 3610; x_wconf 88' lang='lat' dir='ltr'><strong>male</strong></span> <span class='ocrx_word' id='word_1_323' title='bbox 565 3549 680 3609; x_wconf 91' lang='lat' dir='ltr'><strong>scaenis</strong></span> <span class='ocrx_word' id='word_1_324' title='bbox 701 3546 856 3626; x_wconf 83' lang='lat' dir='ltr'><strong>praefixos,</strong></span> <span class='ocrx_word' id='word_1_325' title='bbox 879 3557 1049 3606; x_wconf 86' lang='lat' dir='ltr'><strong>eversuum</strong></span> <span class='ocrx_word' id='word_1_326' title='bbox 1064 3561 1137 3604; x_wconf 93' lang='lat' dir='ltr'><strong>con·</strong></span> 
     </span>
     <span class='ocr_line' id='line_1_40' title="bbox 28 3625 1138 3710; baseline 0.002 -25"><span class='ocrx_word' id='word_1_327' title='bbox 28 3704 29 3707; x_wconf 8' lang='grc' dir='ltr'><strong>Ἴ</strong></span> <span class='ocrx_word' id='word_1_328' title='bbox 84 3630 151 3688; x_wconf 83' lang='lat' dir='ltr'><strong>testu</strong></span> <span class='ocrx_word' id='word_1_329' title='bbox 170 3630 364 3692; x_wconf 86' lang='lat' dir='ltr'><strong>removendos</strong></span> <span class='ocrx_word' id='word_1_330' title='bbox 386 3650 460 3693; x_wconf 90' lang='lat' dir='ltr'><strong>esse.</strong></span> <span class='ocrx_word' id='word_1_331' title='bbox 502 3634 533 3692; x_wconf 92' lang='lat' dir='ltr'><strong>in</strong></span> <span class='ocrx_word' id='word_1_332' title='bbox 555 3631 602 3694; x_wconf 93' lang='lat' dir='ltr'><strong>his</strong></span> <span class='ocrx_word' id='word_1_333' title='bbox 624 3631 715 3710; x_wconf 84' lang='lat' dir='ltr'><strong>igitur</strong></span> <span class='ocrx_word' id='word_1_334' title='bbox 737 3629 894 3710; x_wconf 81' lang='lat' dir='ltr'><strong>tragoediis</strong></span> <span class='ocrx_word' id='word_1_335' title='bbox 917 3637 950 3690; x_wconf 93' lang='lat' dir='ltr'><strong>ut</strong></span> <span class='ocrx_word' id='word_1_336' title='bbox 971 3629 1002 3690; x_wconf 92' lang='lat' dir='ltr'><strong>in</strong></span> <span class='ocrx_word' id='word_1_337' title='bbox 1025 3625 1138 3708; x_wconf 79' lang='lat' dir='ltr'><strong>graccis</strong></span> 
     </span>
     <span class='ocr_line' id='line_1_41' title="bbox 28 3714 1138 3797; baseline 0 -25"><span class='ocrx_word' id='word_1_338' title='bbox 28 3714 29 3739; x_wconf 72' lang='lat'>³</span> <span class='ocrx_word' id='word_1_339' title='bbox 85 3725 190 3775; x_wconf 77' lang='lat' dir='ltr'><strong>amenas</strong></span> <span class='ocrx_word' id='word_1_340' title='bbox 211 3733 272 3776; x_wconf 94' lang='lat' dir='ltr'><strong>non</strong></span> <span class='ocrx_word' id='word_1_341' title='bbox 294 3714 532 3778; x_wconf 90' lang='lat' dir='ltr'><strong>discribebantur</strong></span> <span class='ocrx_word' id='word_1_342' title='bbox 553 3717 605 3779; x_wconf 90' lang='lat' dir='ltr'><strong>sed</strong></span> <span class='ocrx_word' id='word_1_343' title='bbox 626 3733 772 3797; x_wconf 87' lang='lat' dir='ltr'><strong>personae</strong></span> <span class='ocrx_word' id='word_1_344' title='bbox 793 3715 845 3777; x_wconf 93' lang='lat' dir='ltr'><strong>ubi</strong></span> <span class='ocrx_word' id='word_1_345' title='bbox 861 3715 990 3794; x_wconf 89' lang='lat' dir='ltr'><strong>primum</strong></span> <span class='ocrx_word' id='word_1_346' title='bbox 1005 3719 1056 3775; x_wconf 90' lang='lat' dir='ltr'><strong>aut</strong></span> <span class='ocrx_word' id='word_1_347' title='bbox 1070 3729 1138 3773; x_wconf 93' lang='lat' dir='ltr'><strong>rur·</strong></span> 
     </span>
     <span class='ocr_line' id='line_1_42' title="bbox 85 3799 1140 3881; baseline 0.003 -25"><span class='ocrx_word' id='word_1_348' title='bbox 85 3809 139 3856; x_wconf 81' lang='lat' dir='ltr'><strong>sum</strong></span> <span class='ocrx_word' id='word_1_349' title='bbox 160 3809 363 3879; x_wconf 88' lang='lat' dir='ltr'><strong>comparerent</strong></span> <span class='ocrx_word' id='word_1_350' title='bbox 385 3801 624 3879; x_wconf 90' lang='lat' dir='ltr'><strong>nominabantur,</strong></span> <span class='ocrx_word' id='word_1_351' title='bbox 652 3801 794 3881; x_wconf 88' lang='lat' dir='ltr'><strong>deinceps</strong></span> <span class='ocrx_word' id='word_1_352' title='bbox 819 3799 1061 3879; x_wconf 81' lang='lat' dir='ltr'><strong>significabantur</strong></span> <span class='ocrx_word' id='word_1_353' title='bbox 1089 3805 1140 3862; x_wconf 87' lang='lat' dir='ltr'><strong>aut</strong></span> 
     </span>
     <span class='ocr_line' id='line_1_43' title="bbox 85 3880 1139 3965; baseline 0.004 -24"><span class='ocrx_word' id='word_1_354' title='bbox 85 3880 174 3955; x_wconf 84' lang='lat' dir='ltr'><strong>primis</strong></span> <span class='ocrx_word' id='word_1_355' title='bbox 201 3885 356 3947; x_wconf 88' lang='lat' dir='ltr'><strong>nominum</strong></span> <span class='ocrx_word' id='word_1_356' title='bbox 386 3885 490 3948; x_wconf 86' lang='lat' dir='ltr'><strong>litteris</strong></span> <span class='ocrx_word' id='word_1_357' title='bbox 515 3894 566 3949; x_wconf 89' lang='lat' dir='ltr'><strong>aut</strong></span> <span class='ocrx_word' id='word_1_358' title='bbox 587 3886 723 3963; x_wconf 93' lang='lat' dir='ltr'><strong>lineolis,</strong></span> <span class='ocrx_word' id='word_1_359' title='bbox 752 3886 782 3948; x_wconf 92' lang='lat' dir='ltr'><strong>id</strong></span> <span class='ocrx_word' id='word_1_360' title='bbox 803 3885 883 3965; x_wconf 90' lang='lat' dir='ltr'><strong>quod</strong></span> <span class='ocrx_word' id='word_1_361' title='bbox 906 3884 982 3947; x_wconf 89' lang='lat' dir='ltr'><strong>scire</strong></span> <span class='ocrx_word' id='word_1_362' title='bbox 1004 3885 1062 3946; x_wconf 91' lang='lat' dir='ltr'><strong>iam</strong></span> <span class='ocrx_word' id='word_1_363' title='bbox 1083 3901 1139 3946; x_wconf 88' lang='lat' dir='ltr'><strong>nec</strong></span> 
     </span>
     <span class='ocr_line' id='line_1_44' title="bbox 84 3970 474 4051; baseline 0.018 -25"><span class='ocrx_word' id='word_1_364' title='bbox 84 3978 226 4040; x_wconf 80' lang='lat' dir='ltr'><strong>possumus</strong></span> <span class='ocrx_word' id='word_1_365' title='bbox 247 3990 304 4033; x_wconf 91' lang='lat' dir='ltr'><strong>nec</strong></span> <span class='ocrx_word' id='word_1_366' title='bbox 326 3970 474 4051; x_wconf 87' lang='lat' dir='ltr'><strong>cupimus.</strong></span> 
     </span>
    </p>
   </div>
   <div class='ocr_carea' id='block_1_3' title="bbox 0 0 1355 4482">
    <p class='ocr_par' dir='ltr' id='par_1_9' title="bbox 0 0 1355 4482">
     <span class='ocr_line' id='line_1_45' title="bbox 0 0 1355 4482; baseline 0 0"><span class='ocrx_word' id='word_1_367' title='bbox 0 0 1355 4482; x_wconf 95' lang='lat' dir='ltr'><strong> </strong></span> 
     </span>
    </p>
   </div>
  </div>
 </body>
</html>
