2658 4488
326 891 511 956 'llllES'l'lS
534 893 661 955 VMBRA

167 1042 263 1123 Opaca
286 1043 426 1123 linquens
448 1044 521 1106 Ditis
543 1045 652 1107 inferni
675 1045 738 1107 loca

77 1129 181 1191 adsum
204 1128 353 1207 prolundo
376 1129 489 1192 Tartari
512 1131 637 1192 emissus
659 1149 761 1211 specu,

78 1215 213 1275 incertus
234 1222 315 1275 utras
337 1214 450 1276 oderim
473 1215 558 1276 sedes
579 1215 687 1294 magis:

78 1299 162 1378 lugio
184 1296 327 1378 Thyestes
349 1299 471 1375 inferos,
495 1319 620 1380 superos
643 1301 722 1380 lugo.
797 1319 806 1337 r

79 1403 117 1445 cn
140 1384 243 1444 horret
264 1384 380 1454 animus
403 1393 433 1445 et
453 1403 544 1465 pavor
564 1385 694 1446 membra
718 1388 843 1447 excutit:

78 1468 163 1529 rideo
186 1479 335 1548 paternos,
359 1470 448 1530 immo
471 1471 617 1531 fraternos
639 1469 737 1531 lares·

79 1554 138 1615 hoc
161 1562 205 1615 est
226 1561 372 1615 vetustum
395 1554 533 1635 Pelopiae
555 1555 644 1615 limen
668 1555 791 1630 domus3

79 1639 153 1700 lrinc
174 1638 320 1719 auspicari
342 1638 457 1719 regium
481 1639 569 1719 capiti
592 1640 684 1701 decus

79 1741 146 1785 mos
169 1731 214 1784 est
234 1722 375 1803 Pelasgis,
397 1725 455 1785 hoc
477 1726 582 1785 sedent
604 1723 653 1786 alti
676 1734 742 1785 torn

81 1808 191 1889 quibus
213 1808 340 1888 superba
362 1820 477 1889 sceptra
504 1818 656 1889 gestantur
677 1828 776 1884 manu,
842 1812 845 1816 ’

81 1892 166 1955 locus
188 1893 237 1954 hic
259 1893 409 1956 habendae
433 1895 532 1956 curiae
554 1930 595 1940 -
617 1895 665 1955 lric
688 1894 783 1976 epulis
806 1893 899 1956 locus.

80 1977 155 2039 libet
175 1980 290 2040 reverti.
336 1998 437 2040 nonne
459 1979 503 2040 vel
525 1979 625 2040 tristes
647 1978 727 2041 lacus
999 1982 1001 1987 ’

81 2062 213 2124 incolere
235 2063 337 2138 satius,
359 2083 460 2126 nonne
481 2065 634 2135 custodem
656 2065 753 2144 Stygis

81 2147 237 2227 trigemina
260 2148 354 2227 nigris
376 2150 448 2213 colla
471 2150 626 2210 iactantem
649 2147 750 2211 iubis?

53 2304 55 2310 y
80 2233 134 2294 ubi
157 2233 207 2294 illc
230 2232 318 2294 celeri
342 2251 451 2314 corpus
466 2235 608 2295 'evinctus
630 2244 712 2296 rotae

81 2318 114 2380 in
137 2337 170 2379 se
191 2318 328 2391 refertur,
352 2318 402 2379 ubi
425 2337 479 2400 per
500 2319 663 2380 adversum?
677 2319 779 2381 irritus

81 2402 226 2465 redeunte
249 2402 358 2465 totiens
380 2403 490 2466 luditur
513 2423 582 2465 saxo
605 2403 697 2477 labor,

83 2487 136 2555 ubi
159 2486 261 2548 tondet
282 2487 342 2550 ales
364 2488 443 2549 avida
466 2490 626 2550 fecundum
650 2489 742 2563 iecur,

84 2584 114 2633 et
135 2573 214 2633 inter
235 2572 329 2633 undas
351 2572 460 2635 fervida
483 2582 603 2635 exustus
625 2573 673 2634 siti

84 2675 176 2735 aquas
198 2657 319 2736 fugaces
342 2677 393 2719 ore
415 2659 538 2741 decepto
561 2658 673 2739 appetit

84 2760 197 2823 poenas
220 2743 342 2804 daturus
365 2742 501 2804 caelitum
524 2743 649 2824 dapibus
672 2759 774 2819 graves
796 2776 839 2786 -

85 2826 138 2888 sed
160 2824 208 2887 ille
231 2836 349 2888 nostrae
371 2845 439 2907 pars
462 2839 551 2907 quota
574 2837 619 2889 est
640 2827 745 2906 culpae
767 2824 880 2887 senex?
1004 2896 1006 2901 ¹

84 2919 259 2992 reputemus
281 2930 385 2973 omncs
407 2932 482 2992 quos
505 2913 542 2973 ob
565 2911 701 2974 infandas
723 2929 829 2972 manus
905 2972 908 2978 ,

86 2996 238 3075 quaesitor
259 3015 334 3057 urna
358 2996 484 3059 Cnosius
506 3007 602 3058 versat
624 3014 701 3069 reos,

84 3083 201 3142 vincam
224 3081 366 3161 Thyestes
389 3081 552 3143 sceleribus
575 3090 700 3143 cunctos
722 3080 811 3141 meis:

86 3186 103 3228 a
126 3167 216 3227 lratre
236 3167 348 3242 vincar,
370 3166 472 3227 liberis
493 3168 601 3247 plenus
623 3166 718 3227 tribus

85 3251 118 3311 iu
141 3270 188 3312 me
212 3250 351 3331 sepultis;
375 3251 484 3312 viscera
508 3250 589 3312 credi
612 3270 686 3312 rnea.

87 3353 145 3396 nec
167 3336 309 3397 hactenus
330 3336 460 3397 Fortuna
482 3329 638 3407 maculavit
659 3345 782 3414 patrem,

88 3418 140 3479 sed
162 3422 257 3481 maius
279 3421 357 3482 aliud
380 3435 450 3482 ausa
471 3422 628 3482 commisso
651 3420 749 3481 scelus

89 3514 176 3565 natac
196 3500 339 3566 nefandos
362 3515 464 3586 petere
486 3505 663 3566 concubitus
686 3505 777 3565 iubet.

90 3605 152 3648 non
175 3590 296 3669 pavidus
319 3591 405 3651 hausi
428 3590 513 3665 dicta,
537 3590 587 3651 sed
610 3591 674 3672 cepi
699 3589 791 3650 nefas.

92 3690 163 3751 ergo
186 3685 219 3736 ut
239 3693 293 3754 per
315 3693 420 3736 omnes
441 3674 551 3736 liberos
575 3676 646 3736 irern
670 3692 788 3753 perenn,

89 3769 190 3821 coacta
213 3760 278 3820 satis
302 3769 368 3822 nata
391 3761 448 3821 lert
471 3768 587 3822 uteruru
610 3777 736 3838 gravem,

91 3877 295 3888 ——----...

177 3927 263 3979 9alte
281 3926 306 3977 Ε
376 3930 407 3979 14
426 3927 564 3992 tergemina
583 3931 608 3993 ς.
631 3955 665 3965 -—
688 3926 805 3978 nimislr'
865 3928 894 3979 15
913 3924 1010 3977 rotald
1076 3927 1108 3978 23
1126 3941 1166 3978 re-

92 4000 208 4059 petamus
226 3998 246 4059 ς
315 3997 348 4047 24
365 3994 472 4060 gnosius
491 3996 565 4048 codd.
636 3997 669 4049 32
687 3994 769 4048 onruis
786 3993 811 4045 u

143 4087 238 4128 Sensuro
251 4085 377 4139 tragoedico
390 4086 419 4129 ΙΙ.
933 4081 963 4131 14
