2790 4494
572 259 745 303 Pflouutssau

121 420 202 495 petat
224 420 291 472 ante
312 418 445 471 matrem.
490 409 557 486 tela,
580 410 632 490 qui
653 410 743 471 luerit
768 410 846 491 pius,

121 505 246 576 rogante
268 504 360 576 ponat
382 502 496 569 matre3*
513 496 564 574 qui
587 514 648 556 non
672 504 717 556 cst
738 496 806 575 pins

121 583 245 661 incipiat
266 600 283 642 a
304 599 362 643 me.
406 580 535 642 fervidos
557 580 678 642 iuvenes
700 599 774 642 anus

122 667 241 742 tenebo,
266 666 380 727 nullum
403 674 477 728 teste
499 684 547 726 me
568 666 618 726 fiet
639 666 738 741 nelas;

123 762 175 815 aut
197 753 223 813 si
244 752 363 832 aliquod
387 760 415 812 ct
437 768 485 812 me
506 759 582 812 teste
604 751 745 813 committi
768 762 877 830 potest,

125 856 187 898 non
209 838 259 899 liet
280 856 384 897 unum.
451 855 517 898 aur.
562 836 652 913 Signa
675 835 788 898 collatis
810 838 920 899 micant

123 922 218 984 vicina
240 922 343 1001 signis,
366 921 477 982 clamor
497 920 614 982 hostilis
638 920 751 996 fremit3
799 966 806 975 .

124 1007 221 1069 scelus
243 1007 274 1068 in
296 1007 467 1086 propinquo
491 1015 549 1068 est:
574 1023 697 1085 occupa,
719 1015 821 1084 mater,
844 1025 958 1087 preces.

125 1101 154 1154 et
176 1111 245 1154 ecce
266 1100 362 1152 motos
383 1091 502 1153 fletibus
525 1091 627 1152 credas
649 1091 734 1165 meis,

125 1177 168 1239 sic
190 1196 294 1256 agmen
317 1177 406 1238 armis
428 1194 520 1255 segne
541 1175 714 1255 compositis
736 1176 824 1239 veuit.

125 1281 186 1323 sar.
231 1262 368 1324 Procedit
389 1260 467 1323 acies
489 1262 580 1336 tarda,
603 1260 654 1322 sed
677 1271 838 1341 properant
859 1261 958 1324 duces.

124 1366 181 1408 roe.
232 1347 305 1419 Quis
326 1365 373 1408 mc
396 1346 542 1427 procellae
564 1345 684 1407 turbine
706 1346 810 1408 insano
832 1348 942 1409 vehens

124 1431 245 1493 volucer
266 1451 320 1510 per
341 1448 427 1494 auras
448 1441 555 1493 ventus
577 1431 721 1493 aetherias
747 1428 835 1510 aget?

125 1536 202 1596 quae
224 1517 339 1596 Sphinx
360 1516 405 1578 vel
427 1524 488 1578 atra
511 1516 591 1578 nube
612 1515 773 1578 subtexens
795 1515 873 1578 diem

61 1670 65 1676 ,
126 1601 305 1682 Stymphalis
327 1602 417 1663 avidis
439 1610 609 1681 praepetem
631 1601 740 1680 pennis
761 1599 858 1663 lereti

125 1695 177 1748 aut
199 1705 274 1767 quae
296 1706 350 1766 per
371 1686 442 1748 altas
464 1687 541 1748 aeris
563 1687 657 1766 rapiet
679 1686 739 1749 vias

126 1771 253 1852 Harpyia
276 1773 353 1834 saevi
375 1771 454 1850 regis
477 1771 635 1834 observans
657 1772 763 1833 famem

127 1869 156 1920 et
178 1858 256 1919 inter
277 1858 354 1919 acies
376 1856 502 1936 proiciet
523 1867 636 1936 raptam
660 1854 754 1918 duast

127 1961 188 2004 sar.
233 1941 317 2003 Vadit
336 1941 447 2003 furenti
469 1941 574 2002 similis
596 1950 646 2003 aut
668 1941 753 2003 etiam
777 1942 857 2004 luxit.

127 2027 229 2105 sagitta
252 2026 348 2105 qualis
369 2026 504 2091 Parthica
526 2026 610 2088 velox
632 2045 722 2088 manu

128 2130 251 2174 excussa
272 2113 377 2186 fertur,
400 2111 496 2191 qualis
518 2112 623 2176 insano
646 2111 716 2173 ratis

128 2206 281 2278 premente
303 2208 390 2259 vento
413 2196 527 2276 rapitur
549 2207 600 2258 aut
615 2197 717 2276 *qualis
740 2197 816 2259 cadit

128 2283 245 2363 delapsa
269 2282 348 2343 caelo
371 2281 465 2357 stella,
487 2300 555 2343 cum
578 2282 728 2360 stringens
750 2282 854 2361 polum

127 2376 237 2429 rectam
260 2367 356 2428 citatis
378 2366 497 2446 ignibus
518 2367 630 2447 rumpit
651 2367 736 2443 viam,

128 2453 251 2515 attonita
272 2471 363 2515 cursu
387 2452 461 2531 lugit
483 2461 513 2512 et
533 2452 618 2514 binas
640 2455 737 2514 statim

129 2537 242 2598 diduxit
263 2538 350 2598 acies.
394 2537 469 2598 victa
490 2546 622 2598 materna
643 2555 733 2616 prece

128 2622 251 2684 haesere
273 2622 358 2697 bella,
382 2622 499 2700 iamque
522 2623 552 2683 in
574 2622 716 2683 alternam
739 2640 842 2684 necem

128 2706 211 2768 illinc
233 2715 263 2768 et
284 2707 354 2768 binc
375 2708 501 2769 miscere
524 2707 679 2786 cupientes
700 2725 806 2768 manus

129 2791 233 2854 librata
255 2792 355 2854 dextra
378 2792 434 2854 tela
456 2810 601 2871 suspensa
623 2800 735 2854 tenent.

129 2877 196 2957 paci
217 2878 339 2954 lavetur,
362 2877 495 2938 omnium
517 2877 629 2941 ferrum
652 2877 726 2938 iacet

131 2971 260 3023 cessatve
281 2971 407 3038 tectum;
430 2962 525 3024 vibrat
546 2962 577 3024 in
600 2964 723 3024 lratrum
746 2979 845 3025 manu.

15 3080 16 3083 =
129 3046 236 3108 laniata
258 3066 346 3109 canas
367 3055 461 3109 mater
482 3047 612 3109 ostendit
633 3064 742 3122 comas,

131 3140 216 3210 rogat
236 3131 410 3208 abnuentes,
433 3133 543 3210 inrigat
563 3132 634 3194 lietu
656 3150 756 3211 genas.

132 3235 241 3296 negare
262 3217 348 3278 matri
370 3217 421 3298 qui
445 3217 495 3279 diu
518 3216 640 3293 dubitat,
662 3227 770 3298 potest.

216 3437 266 3487 409
284 3435 366 3512 luerat
384 3434 408 3484 Ε
477 3438 527 3488 410
546 3451 597 3487 om.
609 3435 635 3486 E
650 3439 737 3501 posito
758 3434 794 3485 ad
811 3434 914 3484 lacuum
926 3435 1076 3498 marginem
1089 3449 1105 3483 a
1116 3432 1205 3482 ambri-

132 3523 223 3569 cotnre
239 3519 359 3584 signoR
411 3522 462 3572 413
480 3519 503 3571 si
520 3519 588 3586 quod
607 3521 632 3570 A
658 3521 679 3572 si
697 3520 795 3587 aliquot
811 3518 837 3570 E
895 3521 947 3571 414
964 3532 1094 3584 personae
1112 3521 1205 3567 notam

132 3586 222 3638 omli
249 3627 252 3630 .
289 3589 340 3640 419
358 3603 428 3653 para,
445 3593 501 3640 not.
519 3603 570 3639 om.
588 3588 664 3638 codd.
683 3590 778 3638 nuntio
797 3586 872 3638 dedit
886 3585 1000 3638 rotatus
1067 3585 1118 3637 aad
1135 3600 1205 3649 pera.

132 3660 187 3707 not.
200 3654 459 3708 am.1l.-insanae
475 3656 500 3706 A
550 3655 736 3722 llbspynxll
788 3657 837 3708 423
853 3653 975 3724 pinnisll
1025 3651 1206 3720 lblrapiatE

132 3721 533 3790 425arpyla1l.-lamen1t¹
602 3725 652 3777 429
670 3723 761 3775 insono
779 3723 804 3775 Ε
872 3726 919 3776 431
940 3721 1045 3788 delapso
1062 3720 1088 3772 E
1155 3723 1207 3774 434

132 3789 238 3843 deduxit
255 3794 274 3854 ς
349 3793 400 3845 435
424 3791 536 3859 iainque:
559 3793 583 3843 ia
602 3808 636 3842 cc
653 3807 670 3843 n
689 3793 704 3844 1
722 3808 756 3844 m.
775 3792 799 3842 E
817 3791 951 3856 (uoluerat
967 3793 1087 3858 namque)
1156 3792 1207 3842 436

132 3873 234 3910 manum
253 3859 277 3909 A
346 3862 396 3913 437
421 3859 518 3912 vibrata
537 3861 562 3911 Ε
583 3864 705 3911 coercuit
721 3858 756 3912 N.
773 3861 899 3911 Halmius
918 3858 1022 3925 ado..p.
1041 3859 1075 3911 57
1109 3857 1207 3909 vibrata

132 3927 184 3979 tela
202 3926 334 3980 continent
351 3927 439 3980 dextra
457 3942 502 3980 sna
521 3930 546 3978 A
631 3931 682 3982 438
703 3928 796 3980 terrum
813 3929 877 3980 latet
894 3929 918 3978 A
1003 3930 1054 3980 439
1072 3932 1208 3993 cessatque

132 3994 211 4047 telum
229 3994 255 4049 A
289 3998 424 4063 cessatque
441 3999 537 4049 tectum
557 3996 581 4047 u*
598 4000 720 4048 correxit
735 3996 770 4048 N.
787 3997 914 4048 Heinsius
931 3995 996 4047 ratu.
