2790 4494
634 192 762 235 rnornns
1194 180 1235 243 59

148 356 264 429 gentes
286 363 340 425 per
362 361 467 405 omnes
489 343 566 406 clarc
588 353 617 406 et
640 343 764 406 invidiae
787 344 895 424 granis,
911 324 1150 449 dampnum

155 451 243 496 nunc
266 429 362 512 pulvis
384 427 471 505 altus,
494 436 582 491 strata
606 437 676 490 sunt
696 430 812 491 flemma
834 431 933 492 omnia
1003 444 1018 503 0
1187 444 1234 496 400

151 523 355 599 superestque
377 523 456 578 resta
478 532 513 576 ex
534 512 608 576 urbe
631 534 669 576 ne
691 523 805 577 tentum
828 517 958 597 quidem,

153 622 219 684 quo
242 604 329 664 lateat
350 599 448 662 infans
470 628 512 644 ·—
535 618 624 680 quem
646 600 744 661 locum
767 601 863 662 fraudi
885 599 1003 681 legam?

149 697 204 752 est
224 686 357 749 tumulus
380 684 486 764 ingens
509 684 644 766 coniugis
667 687 727 747 cari
750 704 842 763 sacer,

154 773 305 836 verendus
327 770 415 847 hosti,
436 771 515 832 mole
537 789 626 850 quem
649 771 792 833 immensa
814 785 922 852 parens

155 858 326 940 opibusque
347 855 463 935 magnis
485 857 601 933 struxit,
625 856 656 918 iu
678 857 777 919 luctus
793 875 871 929 suos
954 884 959 891 ¹

154 963 210 1005 rex
233 961 293 1004 non
316 959 434 1003 avarus:
466 940 577 1022 optime
599 939 715 1005 c'redam
738 942 815 1022 petri
840 977 881 988 -

154 1030 250 1091 sudor
271 1045 326 1108 per
347 1034 428 1089 ortus
450 1027 576 1106 frigidus
598 1035 675 1090 totos
698 1027 788 1088 cedit:

151 1133 246 1176 omen
268 1121 413 1174 tremesco
435 1112 543 1174 misera
566 1112 665 1174 leralis
686 1111 754 1174 loci.

154 1218 221 1261 sun.
265 1198 355 1260 Miser
376 1204 502 1279 occupet
524 1196 680 1278 praesidia,
706 1215 831 1259 securus
853 1197 938 1277 legat.
1022 1272 1023 1275 Ἴ

151 1304 242 1347 enon.
265 1283 343 1356 Quid
365 1283 446 1363 quod
467 1283 557 1345 latere
579 1283 644 1346 sine
666 1291 747 1344 metu
770 1301 876 1361 magno
900 1284 1015 1364 nequit,

153 1390 195 1433 ne
217 1370 323 1450 prodet
344 1366 474 1448 aliquis‘l
540 1387 603 1430 sun.
648 1369 758 1430 Amore
779 1374 869 1429 testes
891 1368 960 1431 dol't

150 1474 241 1518 enon.
286 1454 318 1515 si
341 1462 462 1534 quaeret
483 1451 602 1515 bostis?
667 1472 730 1516 sun.
773 1452 850 1514 Vrbe
873 1453 904 1515 in
927 1473 1027 1518 eversa
1049 1456 1141 1536 perit:

153 1543 230 1605 haec
252 1557 340 1601 causa
362 1539 471 1601 multos
493 1557 553 1600 una
575 1538 613 1600 eb
634 1538 756 1601 interitu
779 1539 882 1614 arcuit,

154 1626 236 1689 credi
258 1624 381 1706 perisse.
447 1643 531 1685 nunu.
576 1623 631 1686 Vix
652 1625 716 1705 spei
740 1625 899 1706 quicquam
921 1632 1093 1709 estsuper:

43 1699 94 1786 ‘L
154 1730 242 1792 grave
263 1709 382 1791 pondus
404 1709 488 1770 illum
510 1727 616 1789 magua
639 1708 776 1771 nobilitas
799 1711 922 1790 premit3

68 1793 88 1844 ί
155 1797 228 1879 quid
251 1795 383 1877 proderit
404 1794 525 1856 latuisse
546 1794 680 1856 redituro
702 1796 733 1856 in
757 1793 886 1857 manus?
973 1866 979 1877 ‚
1100 1850 1103 1854 Δ

149 1900 217 1944 sun.
261 1880 361 1941 Victor
385 1880 499 1941 leroces
521 1880 649 1960 impetus
672 1880 792 1963 prim-osm
808 1880 905 1943 babet.
928 1869 1086 1947 ollem*

151 1985 239 2029 nnnn.
262 1964 335 2038 Quis
358 1971 386 2026 te
407 1964 502 2043 loeus,
525 1984 601 2044 quae
623 1954 857 2044 regio‘seduotq
880 1966 957 2029 invia
972 1962 984 2006 l

153 2059 216 2114 tuto
238 2047 388 2132 reponet?
417 2050 485 2130 quis
506 2051 582 2114 leret
604 2051 726 2132 trepidis
748 2050 860 2132 opem?

150 2138 220 2217 quis
242 2132 401 2216 proteget?
428 2135 480 2216 qui
503 2136 630 2216 semper,
654 2138 741 2198 etiam
764 2155 845 2199 nuno
867 2145 944 2215 tuos,
1003 2192 1008 2199 .

153 2221 272 2297 Hector,
295 2231 394 2283 tuere:
425 2220 562 2299 coniugis
584 2222 696 2284 lurtum
718 2224 785 2303 pice

151 2325 234 2369 serva
256 2314 286 2367 et
307 2305 385 2368 fideli
406 2307 507 2369 cinere
528 2308 674 2369 victurum
697 2308 810 2389 excipe.

153 2393 278 2455 succede
299 2392 424 2467 tumulo,
448 2401 514 2454 nete
536 2393 672 2473 -quid
695 2402 773 2455 retro
788 2394 868 2472 sugis

152 2486 288 2559 tutasque
311 2475 436 2540 latebras
458 2474 599 2558 spernis?
629 2497 758 2558 agnosco
781 2479 926 2541 indolem:

150 2563 242 2643 pudet
264 2562 377 2624 timere.
422 2562 544 2643 spiritus
566 2581 689 2643 magnos
712 2564 780 2643 lugu
909 2548 949 2621 Z.

234 2784 284 2834 479
302 2780 412 2833 invidiae
430 2794 509 2848 caper
527 2782 552 2831 A
620 2782 670 2833 480
688 2798 727 2846 eq.
745 2783 784 2831 eie
803 2781 931 2847 leguntur
948 2783 977 2830 in
996 2780 1035 2830 E.-

355 2865 408 2902 seu.
436 2848 502 2901 llaec
520 2862 597 2901 ceusu
615 2848 710 2900 multos
728 2863 779 2900 unu
796 2848 829 2900 eb
847 2848 951 2900 interitu
969 2848 1054 2915 arguit

352 2916 432 2970 credit
449 2916 555 2985 perisse.
589 2917 632 2969 rix
650 2917 706 2985 spei
724 2916 861 2984 quiequam
880 2920 1022 2983 estsuper.
1177 2928 1221 2969 mo

352 3000 410 3037 nun.
437 2986 519 3038 Grave
554 2984 638 3037 ondns
654 2985 728 3037 illum
745 2999 837 3052 mogun
857 2984 976 3037 nobilitas
995 2984 1093 3052 premit

330 3068 406 3106 ssu.
436 3052 474 3105 Ne
492 3001 584 3121 probet
600 3052 693 3120 aliquis

340 3123 450 3174 obmore
467 3126 546 3174 testes
564 3120 624 3175 doli.

353 3205 412 3243 nnn.
438 3188 466 3242 Si
483 3195 572 3256 queret
589 3189 687 3242 bostis?

352 3271 406 3310 serr.
435 3257 504 3310 Vrbe
520 3258 547 3310 iu
565 3273 654 3311 everso
671 3259 746 3326 perit.

353 3341 410 3379 mn.
438 3324 503 3387 Quid
521 3325 635 3394 proderit
651 3326 757 3380 latuisse
774 3326 886 3379 redituro
905 3326 931 3379 in
949 3328 1059 3379 manuel

353 3406 406 3448 cnr.
436 3392 524 3448 Victor
541 3395 639 3448 feroces
657 3395 771 3463 impetus
784 3394 880 3462 primos
897 3393 983 3446 hebet.
1179 3403 1221 3445 405

351 3477 409 3581 bt·
434 3460 1076 3600 illltutltt‘imltmttmrtdr‘l‘²

398 3568 405 3582 ·
782 3570 789 3595 r

149 3611 173 3647 u.
194 3595 244 3649 491
267 3599 326 3648 reni
350 3600 539 3663 conburatur,
565 3616 589 3651 o.
606 3600 659 3654 492
680 3604 758 3667 prius
782 3600 978 3652 hemistichium
1002 3596 1222 3662 Andromedae,

148 3664 262 3716 utimum
284 3668 343 3717 roni
366 3666 448 3718 datur
466 3668 506 3730 A‚·
530 3684 553 3720 u.
573 3668 625 3721 490
648 3669 761 3721 alteram
785 3683 876 3719 ocrem
892 3673 998 3736 purtem
1015 3664 1221 3718 Andromachae

151 3732 222 3785 dedu
238 3731 443 3800 lapdotmgros.
481 3736 513 3787 de
530 3737 650 3791 uersibus
669 3753 685 3788 a
703 3752 744 3787 me
762 3737 898 3804 dirpure‘lt‘e
916 3735 951 3798 es.
969 3736 992 3794 l,
1011 3733 1062 3788 217
1079 3750 1118 3800 sq.
1169 3735 1220 3787 489

149 3801 231 3868 arguit
248 3801 306 3854 uA
324 3817 394 3855 corr.
503 3806 553 3857 mc
571 3803 651 3857 credit
669 3805 693 3855 Ε
710 3806 783 3871 (ua.)
853 3808 904 3859 504
920 3809 962 3856 tur
996 3819 1060 3872 eque
1078 3803 1103 3854 A
1133 3802 1221 3854 turrie-

149 3869 326 3938 quelleorr.
345 3871 501 3935 Me.1‚2
580 3876 630 3926 505
648 3872 708 3941 luge
725 3873 802 3925 codd.
821 3877 942 3926 corrosit
981 3874 1118 3938 urgeretur
1137 3870 1170 3925 V.
1187 3871 1220 3924 L.

147 3937 240 4007 ded
