2686 4482
88 167 148 230 180
286 181 289 185 ·
412 181 449 223 us
471 158 685 227 camerimnus
708 180 836 225 cranous.

172 333 290 394 taudem
313 332 338 393 si
361 330 397 392 de
418 332 478 392 fine
499 331 614 395 tabulae
637 349 771 412 quaeras,
796 328 928 394 ultimam
945 349 1086 395 ‘scaenam
1109 332 1163 393 Se·

55 414 57 421 ’
87 438 160 482 neca
190 418 313 498 proprio
341 427 433 478 marte
462 415 606 491 confecit,
629 435 704 497 quae
733 436 749 478 a
780 418 862 480 nullo
890 417 999 497 opinor
1026 416 1164 497 Euripidi
1190 426 1194 431 “

88 503 284 585 imputabitur
306 506 344 579 (r.
363 503 443 564 1201
463 511 530 582 sep).
575 502 704 582 primum
726 502 859 565 Theseus
881 510 1007 564 mortem
1033 501 1088 563 sihi
1110 521 1165 563 sua

87 608 179 652 manu
205 597 339 668 paratum
363 587 399 648 iri
421 587 536 649 infinite
558 587 707 667 praedicat
727 605 791 650 rem
813 587 935 650 minime
957 587 1162 668 perfecturus:

89 694 146 737 nec
168 673 282 735 dubitat
303 673 413 734 chorus
435 671 508 751 quin
531 672 692 735 mentiatur
711 678 749 751 (v.
768 675 878 748 1244„
903 672 1010 734 deiude
1032 671 1164 753 dispersa

88 759 141 822 filii
164 759 294 821 membra
316 757 348 817 in
371 776 465 818 unum
482 775 644 836 congerere
663 768 692 819 et
707 759 870 838 unicuique
885 758 1051 847 legitimum
1065 757 1164 819 locum

89 843 247 925 exquirere
268 842 369 924 putida
392 841 543 921 diligentia
565 842 704 905 instituit.
744 843 823 922 apud
846 843 1019 924 Euripidem
1041 860 1110 904 vero
1133 843 1165 903 in

89 932 149 991 fine
170 929 293 990 Dianam
322 927 490 990 necessario
519 929 692 1007 apparuisse
722 937 752 989 et
780 927 973 1009 Hippolytum
995 927 1166 990 Troezeniis

91 1013 247 1076 colendum
270 1012 492 1075 commendasse
513 1012 687 1074 Welckerus
709 1012 781 1074 vidit
801 1009 846 1097 (p.
862 1016 953 1089 742„
976 1031 1075 1091 neque
1094 1012 1166 1074 alio-

91 1101 164 1181 quin
187 1100 244 1178 lrg.
261 1099 323 1161 449
343 1097 433 1160 scribi
449 1098 555 1178 potuit.
593 1098 755 1176 graviorem
770 1117 840 1161 vero
855 1098 1059 1178 quaestionem
1075 1097 1167 1175 digito
1224 1158 1228 1166 ,

90 1194 206 1246 tantum
228 1182 415 1244 aWelckero
438 1182 625 1262 perstrictam
634 1186 685 1258 2⁴),
707 1183 820 1245 scilicet
841 1203 879 1245 an
902 1183 965 1263 ipse
988 1182 1167 1262 Hippolytus

92 1270 123 1331 in
146 1287 282 1331 scaenam
304 1267 435 1342 redierit,
458 1276 491 1329 ut
513 1268 623 1329 factum
647 1276 691 1329 est
712 1269 743 1330 in
760 1269 939 1344 coroniiero,
962 1268 1112 1328 videamus
1129 1287 1166 1329 an

92 1373 169 1417 novo
191 1361 367 1433 argumento
390 1353 504 1415 solvere
526 1353 685 1433 possimus.
1127 1402 1131 1409 ,
1169 1405 1173 1409 ,

177 1439 291 1500 Thesea
308 1436 461 1519 Euripidis
482 1437 610 1500 tabulam
633 1438 790 1500 adrentum
805 1437 924 1511 Thesei,
946 1430 1136 1499 altercatione
1199 1469 1202 1472 ⁴

93 1544 160 1587 cum
183 1524 300 1599 Minoe,
323 1531 447 1584 mortem
469 1522 630 1585 Minotauri
656 1523 840 1585 continuisse
862 1544 879 1585 e
900 1523 1073 1603 fragmentis
1092 1540 1168 1598 con-

93 1611 210 1686 scach)
254 1608 378 1671 chorum
406 1608 539 1690 septenis
568 1609 670 1689 pueris
700 1608 867 1688 puellisque
895 1607 1063 1670 constitisse
1093 1625 1169 1686 quos

93 1695 227 1757 Theseus
248 1711 350 1755 secum
364 1689 483 1755 ‘lunera
499 1712 555 1755 nec
570 1687 682 1756 lunera'
699 1695 823 1756 duxerat
837 1701 916 1755 certa
931 1692 1079 1754 Welolreri
1094 1710 1169 1753 con·

94 1780 205 1842 iectura
234 1788 279 1841 est
307 1783 348 1858 (p.
373 1779 447 1854 734)
474 1797 510 1841 ex
536 1779 593 1858 trg.
616 1781 688 1844 389.
732 1780 804 1842 haec
827 1778 905 1840 enim
928 1777 1170 1853 estscholiastae

93 1864 197 1928 Veneti
220 1864 255 1926 ad
278 1864 366 1924 Arist.
390 1861 477 1944 Vesp.
501 1865 570 1928 312.

299 1952 338 2011 τί
353 1971 395 2026 με
417 1943 492 2034 δῆτ’
518 1936 545 2011 τό
566 1946 668 2028 μελέα
690 1948 792 2034 μῆτερ
815 1945 947 2024 ἔτικτες,

298 2024 346 2096 ‘c'r'
371 2029 445 2114 ἐμοὶ
467 2030 646 2116 πράγματα
667 2030 799 2116 βόσκειν
823 2035 967 2117 παρέχῃς
974 2058 985 2112 ,·

95 2119 262 2182 adnotatio:
279 2115 457 2201 πράγματα
472 2115 615 2202 βόσκειν]
632 2112 650 2181 ό
667 2115 764 2202 λόγος
778 2115 812 2182 ἐκ
825 2120 963 2203 &octog
974 2109 1169 2196 Εόριπίόοο.

97 2201 164 2274 ἐκεῖ
187 2199 248 2284 γὰρ
273 2203 377 2268 τοῦτο
399 2201 550 2287 λέγουσιν
574 2203 606 2268 οἱ
636 2202 833 2286 ταττόμενοι
855 2201 975 2278 παῖδες
998 2198 1044 2276 εἰς
1065 2196 1168 2284 βορόν

96 2290 142 2372 τῷ
159 2286 383 2372 Μινωταύρῳ.
413 2290 561 2352 Welclreri
582 2290 763 2368 coniectura,
787 2289 919 2371 quamvis
942 2295 1171 2351 consentaneam

98 2384 128 2438 et
148 2375 213 2456 ipse
235 2374 411 2448 aestimaret,
433 2375 536 2437 lahuio
557 2376 659 2453 (d'rch.
674 2376 762 2439 Beitr.
780 2395 810 2455 p.
828 2377 902 2452 255)
925 2393 960 2437 eo
983 2373 1087 2437 elevari
1111 2371 1172 2433 visa
1225 2410 1229 2419 ·

98 2468 143 2523 est
166 2461 244 2541 quod
266 2478 371 2522 senum
396 2461 680 2563 Aristophaneorum
700 2461 788 2523 rerba
811 2479 890 2564 quae
908 2469 1053 2521 secuntur

302 2539 461 2629 ἀνόνητον
485 2541 541 2627 ἀρ’
565 2541 776 2610 (idololatris
801 2566 821 2608 ο
861 2549 947 2624 εἶχον
971 2539 1101 2626 ἄγαλμα

98 2631 141 2693 sic
170 2629 369 2709 explicantur:
399 2628 454 2695 nol
481 2631 579 2695 τοῦτο
609 2627 702 2714 παρὰ
731 2628 774 2696 τὰ
799 2628 834 2695 ἐκ
859 2628 1010 2713 Θησέως·
1041 2625 1113 2692 ἔστι
1136 2623 1172 2690 δὲ

96 2708 292 2789 Ἱππόλυτος
315 2708 332 2776 ό
355 2714 457 2799 λέγων
478 2721 599 2780 ταῦτα·

185 2842 490 2913 21111ιίό.“οιοοι“[ιὶόοΐι
510 2853 546 2901 ist
567 2851 599 2901 ol
623 2850 667 2901 dte
692 2850 870 2913 arachaiuung
895 2848 940 2898 dar
957 2849 1026 2899 noch
1045 2844 1171 2897 lahandan

100 2917 201 2983 Hippot
223 2922 265 2967 lua
287 2919 364 2968 nicht
387 2919 435 2969 dar
458 2921 636 2970 ambassarten
661 2920 779 2984 onagros
796 2917 1005 2982 stgsntha't'mlt'eh
1021 2909 1169 2980 ongahdrt’

100 3000 152 3037 non
169 2932 271 3037 viletm
287 2985 314 3036 in
331 2985 452 3038 iudicium
469 2986 613 3039 vocandum
631 2985 701 3054 quod
719 2985 825 3038 Ovidius
842 2985 900 3037 last.
911 2985 952 3047 Vl,
971 2987 1020 3039 tat
1037 2981 1171 3048 (reddide-

100 3056 196 3118 ratque
215 3055 343 3117 unimam)
367 3061 393 3105 et
410 3057 470 3107 met.
483 3052 538 3121 XV,
556 3058 605 3108 527
624 3055 782 3121 (fessamque
799 3054 902 3104 cidares
920 3053 1028 3104 scalari
1045 3051 1173 3115 animam)

100 3120 267 3188 Hippolytum
285 3121 370 3173 statim
395 3122 461 3174 mori
481 3126 578 3189 narrat,
601 3128 630 3174 ut
651 3122 694 3190 qni
718 3122 744 3173 in
757 3122 809 3174 ista
829 3122 954 3174 brevitate
972 3121 1045 3171 aliter
1063 3133 1115 3170 rem
1133 3118 1172 3168 in-

100 3189 206 3242 stituere
223 3188 267 3238 vix
282 3189 402 3256 potuerit.

187 3255 220 3321 ²⁵)
237 3256 286 3323 lrg.
304 3259 362 3311 381
380 3260 421 3310 st.
440 3259 481 3310 92.
500 3261 533 3311 93
550 3258 605 3309 iure
622 3258 725 3310 exulare
742 3257 927 3311 iussitWilam.
946 3274 971 3325 p.
994 3259 1037 3309 rat
1057 3253 1115 3306 adn.
1131 3257 1172 3307 11.

101 3324 192 3377 dubius
212 3324 304 3377 haereo
322 3340 353 3376 an
371 3326 454 3392 possit
470 3325 501 3378 ad
515 3326 625 3378 Minoem
643 3343 700 3378 cum
710 3325 811 3380 Theseo
824 3327 850 3377 in
863 3325 990 3392 Euripidis
1002 3323 1085 3375 tabula
1097 3322 1173 3373 alter·

101 3398 201 3445 cantem
224 3392 311 3444 referri
334 3393 403 3460 quod
426 3394 452 3445 in
470 3392 563 3447 Thesei
580 3395 676 3462 templo
694 3394 760 3448 ltlico
778 3394 979 3477 repraesentavit
995 3393 1081 3456 (Paus.
1097 3390 1122 3451 l,
1142 3392 1171 3441 17

101 3461 217 3526 (Μίνως)
234 3458 280 3511 καὶ
299 3454 436 3512 cilicini
457 3456 542 3545 dpyric
559 3457 712 3532 ἀπέρριψεν
730 3457 756 3518 ἐς
780 3459 866 3513 αυτόν
883 3460 929 3512 καὶ
947 3458 1034 3512 παῖδα
1053 3454 1101 3510 orla
1118 3453 1173 3527 ἔφη

103 3528 277 3611 Ποσειόιόζος
293 3520 378 3588 εἶναι,
397 3527 455 3582 ἐπεὶ
473 3547 505 3582 ου
524 3527 663 3582 dovoram
682 3529 731 3593 τὴν
749 3528 895 3599 σφραγῖδα
901 3569 909 3594 ,
928 3523 960 3591 ἢν
978 3525 1061 3583 αὐτὸς
1079 3526 1176 3596 φέρων

101 3594 324 3735 {ttttatttt
339 3593 762 3728 ffiffllifflltlwdllllil.
781 3596 1176 3727 lttttttittt‘rttt
1260 3652 1265 3665 ¹

101 3731 147 3783 καὶ
165 3684 649 3815 premererypooodllf‘zlpapcrpiriyr
668 3684 921 3803 superliminaris
938 3733 1066 3799 λέγουσιν
1083 3682 1111 3783 ii
1128 3734 1176 3793 τῆς

101 3799 268 3864 dulnosus),
288 3807 316 3853 ut
333 3803 392 3855 mde
408 3803 509 3856 tabulae
525 3810 703 3871 argumentum
725 3804 883 3872 suppleatur.
918 3802 1007 3854 eadem
1025 3816 1066 3853 res
1082 3816 1108 3851 m
1126 3800 1176 3851 Eu-

101 3868 202 3987 32?an
219 3883 282 3988 pasc
301 3871 439 3923 Caeretano
457 3872 488 3925 ct.
499 3871 598 3939 Helhig.
610 3873 710 3925 Unters.
720 3889 747 3941 p.
760 3875 807 3926 166
826 3871 882 3923 adn.
896 3874 906 3922 t
928 3874 956 3923 et
964 3869 1050 3922 (louzii
1064 3867 1193 3941 extempl.³
