<?xml version="1.0" encoding="UTF-8"?>
<!DOCTYPE html PUBLIC "-//W3C//DTD XHTML 1.0 Transitional//EN"
    "http://www.w3.org/TR/xhtml1/DTD/xhtml1-transitional.dtd">
<html xmlns="http://www.w3.org/1999/xhtml" xml:lang="en" lang="en">
 <head>
  <title>
</title>
<meta http-equiv="Content-Type" content="text/html;charset=utf-8" />
  <meta name='ocr-system' content='tesseract 3.04.00' />
  <meta name='ocr-capabilities' content='ocr_page ocr_carea ocr_par ocr_line ocrx_word'/>
</head>
<body>
  <div class='ocr_page' id='page_1' title='image "./lannaeisenecaet00leogoog_0547.png"; bbox 0 0 2658 4488; ppageno 0'>
   <div class='ocr_carea' id='block_1_1' title="bbox 196 232 886 294">
    <p class='ocr_par' dir='ltr' id='par_1_1' title="bbox 196 232 886 294">
     <span class='ocr_line' id='line_1_1' title="bbox 196 232 886 294; baseline 0 -1"><span class='ocrx_word' id='word_1_1' title='bbox 196 232 258 294; x_wconf 77' lang='lat'><strong>254</strong></span> <span class='ocrx_word' id='word_1_2' title='bbox 581 251 609 292; x_wconf 84' lang='grc' dir='ltr'><strong>ι.</strong></span> <span class='ocrx_word' id='word_1_3' title='bbox 631 249 737 292; x_wconf 71' lang='lat' dir='ltr'><strong>annoni</strong></span> <span class='ocrx_word' id='word_1_4' title='bbox 758 250 886 294; x_wconf 76' lang='lat' dir='ltr'><strong>annecte</strong></span> 
     </span>
    </p>
   </div>
   <div class='ocr_carea' id='block_1_2' title="bbox 174 400 1273 2783">
    <p class='ocr_par' dir='ltr' id='par_1_2' title="bbox 196 400 906 463">
     <span class='ocr_line' id='line_1_2' title="bbox 196 400 906 463; baseline 0 0"><span class='ocrx_word' id='word_1_5' title='bbox 196 418 258 463; x_wconf 90' lang='lat' dir='ltr'><strong>non</strong></span> <span class='ocrx_word' id='word_1_6' title='bbox 282 410 346 462; x_wconf 90' lang='lat' dir='ltr'><strong>ture</strong></span> <span class='ocrx_word' id='word_1_7' title='bbox 367 400 494 463; x_wconf 75' lang='lat' dir='ltr'><strong>colimur</strong></span> <span class='ocrx_word' id='word_1_8' title='bbox 515 419 571 463; x_wconf 88' lang='lat' dir='ltr'><strong>nec</strong></span> <span class='ocrx_word' id='word_1_9' title='bbox 591 419 675 462; x_wconf 90' lang='lat' dir='ltr'><strong>meae</strong></span> <span class='ocrx_word' id='word_1_10' title='bbox 697 400 816 463; x_wconf 81' lang='lat' dir='ltr'><strong>excluso</strong></span> <span class='ocrx_word' id='word_1_11' title='bbox 838 402 906 463; x_wconf 84' lang='lat' dir='ltr'><strong>love</strong></span> 
     </span>
    </p>

    <p class='ocr_par' dir='ltr' id='par_1_3' title="bbox 196 484 846 560">
     <span class='ocr_line' id='line_1_3' title="bbox 196 484 846 560; baseline 0.002 -14"><span class='ocrx_word' id='word_1_12' title='bbox 196 493 340 548; x_wconf 89' lang='lat' dir='ltr'><strong>ornantur</strong></span> <span class='ocrx_word' id='word_1_13' title='bbox 361 505 444 560; x_wconf 80' lang='lat' dir='ltr'><strong>arae3</strong></span> <span class='ocrx_word' id='word_1_14' title='bbox 468 485 548 547; x_wconf 90' lang='lat' dir='ltr'><strong>nulla</strong></span> <span class='ocrx_word' id='word_1_15' title='bbox 571 484 752 547; x_wconf 80' lang='lat' dir='ltr'><strong>culminibus</strong></span> <span class='ocrx_word' id='word_1_16' title='bbox 772 488 846 548; x_wconf 88' lang='lat' dir='ltr'><strong>meis</strong></span> 
     </span>
    </p>

    <p class='ocr_par' dir='ltr' id='par_1_4' title="bbox 195 571 855 653">
     <span class='ocr_line' id='line_1_4' title="bbox 195 571 855 653; baseline 0.002 -21"><span class='ocrx_word' id='word_1_17' title='bbox 195 571 439 653; x_wconf 82' lang='lat' dir='ltr'><strong>imposita&#39;nutat</strong></span> <span class='ocrx_word' id='word_1_18' title='bbox 459 571 529 633; x_wconf 86' lang='lat' dir='ltr'><strong>silva</strong></span> <span class='ocrx_word' id='word_1_19' title='bbox 553 589 607 632; x_wconf 89' lang='lat' dir='ltr'><strong>nec</strong></span> <span class='ocrx_word' id='word_1_20' title='bbox 628 572 743 633; x_wconf 79' lang='lat' dir='ltr'><strong>fumant</strong></span> <span class='ocrx_word' id='word_1_21' title='bbox 764 588 855 633; x_wconf 89' lang='lat' dir='ltr'><strong>manu</strong></span> 
     </span>
    </p>

    <p class='ocr_par' dir='ltr' id='par_1_5' title="bbox 194 656 867 736">
     <span class='ocr_line' id='line_1_5' title="bbox 194 656 867 736; baseline 0.001 -19"><span class='ocrx_word' id='word_1_22' title='bbox 194 675 335 718; x_wconf 86' lang='lat' dir='ltr'><strong>succensa</strong></span> <span class='ocrx_word' id='word_1_23' title='bbox 358 656 450 719; x_wconf 86' lang='lat' dir='ltr'><strong>multa</strong></span> <span class='ocrx_word' id='word_1_24' title='bbox 471 666 573 736; x_wconf 83' lang='lat' dir='ltr'><strong>stagna</strong></span> <span class='ocrx_word' id='word_1_25' title='bbox 597 675 652 718; x_wconf 90' lang='lat' dir='ltr'><strong>uec</strong></span> <span class='ocrx_word' id='word_1_26' title='bbox 674 672 781 717; x_wconf 88' lang='lat' dir='ltr'><strong>somno</strong></span> <span class='ocrx_word' id='word_1_27' title='bbox 804 657 867 719; x_wconf 87' lang='lat' dir='ltr'><strong>dies</strong></span> 
     </span>
    </p>

    <p class='ocr_par' dir='ltr' id='par_1_6' title="bbox 193 741 902 824">
     <span class='ocr_line' id='line_1_6' title="bbox 193 741 902 824; baseline 0.003 -22"><span class='ocrx_word' id='word_1_28' title='bbox 193 741 369 824; x_wconf 79' lang='lat' dir='ltr'><strong>Bacchoque</strong></span> <span class='ocrx_word' id='word_1_29' title='bbox 391 760 450 803; x_wconf 85' lang='lat' dir='ltr'><strong>uox</strong></span> <span class='ocrx_word' id='word_1_30' title='bbox 471 742 620 821; x_wconf 77' lang='lat' dir='ltr'><strong>iungenda</strong></span> <span class='ocrx_word' id='word_1_31' title='bbox 642 742 776 822; x_wconf 81' lang='lat' dir='ltr'>pervigili</span> <span class='ocrx_word' id='word_1_32' title='bbox 799 743 902 804; x_wconf 71' lang='lat' dir='ltr'><strong>datura</strong></span> 
     </span>
    </p>

    <p class='ocr_par' dir='ltr' id='par_1_7' title="bbox 193 827 947 901">
     <span class='ocr_line' id='line_1_7' title="bbox 193 827 947 901; baseline 0 -13"><span class='ocrx_word' id='word_1_33' title='bbox 193 827 245 888; x_wconf 86' lang='lat' dir='ltr'><strong>sod</strong></span> <span class='ocrx_word' id='word_1_34' title='bbox 268 845 328 888; x_wconf 92' lang='lat' dir='ltr'><strong>non</strong></span> <span class='ocrx_word' id='word_1_35' title='bbox 351 828 499 901; x_wconf 86' lang='lat' dir='ltr'><strong>timemur,</strong></span> <span class='ocrx_word' id='word_1_36' title='bbox 522 836 585 889; x_wconf 84' lang='lat' dir='ltr'><strong>tuta</strong></span> <span class='ocrx_word' id='word_1_37' title='bbox 606 827 671 889; x_wconf 88' lang='lat' dir='ltr'><strong>sine</strong></span> <span class='ocrx_word' id='word_1_38' title='bbox 692 827 752 888; x_wconf 88' lang='lat' dir='ltr'><strong>telo</strong></span> <span class='ocrx_word' id='word_1_39' title='bbox 775 836 819 888; x_wconf 87' lang='lat' dir='ltr'><strong>est</strong></span> <span class='ocrx_word' id='word_1_40' title='bbox 840 828 947 889; x_wconf 85' lang='lat' dir='ltr'><strong>domus</strong></span> 
     </span>
    </p>

    <p class='ocr_par' dir='ltr' id='par_1_8' title="bbox 192 911 942 993">
     <span class='ocr_line' id='line_1_8' title="bbox 192 911 942 993; baseline 0 -20"><span class='ocrx_word' id='word_1_41' title='bbox 192 911 341 993; x_wconf 78' lang='lat' dir='ltr'><strong>rebusque</strong></span> <span class='ocrx_word' id='word_1_42' title='bbox 362 912 460 993; x_wconf 81' lang='lat' dir='ltr'><strong>parvis</strong></span> <span class='ocrx_word' id='word_1_43' title='bbox 482 930 587 991; x_wconf 76' lang='lat' dir='ltr'><strong>magna</strong></span> <span class='ocrx_word' id='word_1_44' title='bbox 606 920 771 993; x_wconf 87' lang='lat' dir='ltr'><strong>praestatur</strong></span> <span class='ocrx_word' id='word_1_45' title='bbox 794 911 878 993; x_wconf 87' lang='lat' dir='ltr'><strong>quies</strong></span> <span class='ocrx_word' id='word_1_46' title='bbox 901 947 942 957; x_wconf 96' lang='lat'>—</span> 
     </span>
    </p>

    <p class='ocr_par' dir='ltr' id='par_1_9' title="bbox 174 997 937 1078">
     <span class='ocr_line' id='line_1_9' title="bbox 174 997 937 1078; baseline -0.007 -17"><span class='ocrx_word' id='word_1_47' title='bbox 174 997 320 1064; x_wconf 81' lang='lat' dir='ltr'><strong>,immane</strong></span> <span class='ocrx_word' id='word_1_48' title='bbox 342 1015 467 1077; x_wconf 79' lang='lat' dir='ltr'><strong>regnum</strong></span> <span class='ocrx_word' id='word_1_49' title='bbox 491 1008 535 1058; x_wconf 90' lang='lat' dir='ltr'><strong>est</strong></span> <span class='ocrx_word' id='word_1_50' title='bbox 556 1014 643 1078; x_wconf 89' lang='lat' dir='ltr'><strong>posse</strong></span> <span class='ocrx_word' id='word_1_51' title='bbox 666 998 729 1058; x_wconf 89' lang='lat' dir='ltr'><strong>sine</strong></span> <span class='ocrx_word' id='word_1_52' title='bbox 751 1015 845 1077; x_wconf 79' lang='lat' dir='ltr'><strong>reguo</strong></span> <span class='ocrx_word' id='word_1_53' title='bbox 868 997 937 1078; x_wconf 89' lang='lat' dir='ltr'><strong>pati.</strong></span> 
     </span>
    </p>

    <p class='ocr_par' dir='ltr' id='par_1_10' title="bbox 191 1078 1002 1163">
     <span class='ocr_line' id='line_1_10' title="bbox 191 1078 1002 1163; baseline -0.001 -20"><span class='ocrx_word' id='word_1_54' title='bbox 191 1102 274 1144; x_wconf 74' lang='lat' dir='ltr'><strong>rsus.</strong></span> <span class='ocrx_word' id='word_1_55' title='bbox 319 1081 380 1143; x_wconf 89' lang='lat' dir='ltr'><strong>Nec</strong></span> <span class='ocrx_word' id='word_1_56' title='bbox 401 1081 601 1155; x_wconf 79' lang='lat' dir='ltr'><strong>abnuendum,</strong></span> <span class='ocrx_word' id='word_1_57' title='bbox 624 1081 648 1143; x_wconf 85' lang='lat' dir='ltr'><strong>si</strong></span> <span class='ocrx_word' id='word_1_58' title='bbox 671 1083 720 1143; x_wconf 86' lang='lat' dir='ltr'><strong>dat</strong></span> <span class='ocrx_word' id='word_1_59' title='bbox 742 1078 899 1163; x_wconf 86' lang='lat' dir='ltr'><strong>imperium</strong></span> <span class='ocrx_word' id='word_1_60' title='bbox 921 1082 1002 1154; x_wconf 84' lang='lat' dir='ltr'><strong>deus,</strong></span> 
     </span>
    </p>

    <p class='ocr_par' dir='ltr' id='par_1_11' title="bbox 190 1168 961 1247">
     <span class='ocr_line' id='line_1_11' title="bbox 190 1168 961 1247; baseline -0.001 -19"><span class='ocrx_word' id='word_1_61' title='bbox 190 1185 246 1228; x_wconf 89' lang='lat' dir='ltr'><strong>nec</strong></span> <span class='ocrx_word' id='word_1_62' title='bbox 269 1168 468 1247; x_wconf 91' lang='lat' dir='ltr'><strong>appetendum</strong></span> <span class='ocrx_word' id='word_1_63' title='bbox 492 1176 550 1227; x_wconf 89' lang='lat' dir='ltr'><strong>est:</strong></span> <span class='ocrx_word' id='word_1_64' title='bbox 574 1168 664 1228; x_wconf 87' lang='lat' dir='ltr'><strong>hater</strong></span> <span class='ocrx_word' id='word_1_65' title='bbox 687 1178 718 1228; x_wconf 87' lang='lat' dir='ltr'><strong>ut</strong></span> <span class='ocrx_word' id='word_1_66' title='bbox 739 1174 961 1247; x_wconf 80' lang='lat' dir='ltr'><strong>regnes&#39;rogat.</strong></span> 
     </span>
    </p>

    <p class='ocr_par' dir='ltr' id='par_1_12' title="bbox 191 1250 1147 1332">
     <span class='ocr_line' id='line_1_12' title="bbox 191 1250 1147 1332; baseline -0.001 -19"><span class='ocrx_word' id='word_1_67' title='bbox 191 1268 255 1313; x_wconf 82' lang='lat' dir='ltr'><strong>rer.</strong></span> <span class='ocrx_word' id='word_1_68' title='bbox 319 1250 436 1331; x_wconf 81' lang='lat' dir='ltr'><strong>Rogati</strong></span> <span class='ocrx_word' id='word_1_69' title='bbox 465 1252 628 1313; x_wconf 86' lang='lat' dir='ltr'><strong>timendum</strong></span> <span class='ocrx_word' id='word_1_70' title='bbox 652 1262 706 1313; x_wconf 86' lang='lat' dir='ltr'><strong>est.</strong></span> <span class='ocrx_word' id='word_1_71' title='bbox 751 1264 828 1314; x_wconf 84' lang='lat' dir='ltr'><strong>errat</strong></span> <span class='ocrx_word' id='word_1_72' title='bbox 850 1253 899 1314; x_wconf 90' lang='lat' dir='ltr'><strong>hic</strong></span> <span class='ocrx_word' id='word_1_73' title='bbox 919 1252 1025 1332; x_wconf 88' lang='lat' dir='ltr'><strong>aliquis</strong></span> <span class='ocrx_word' id='word_1_74' title='bbox 1046 1251 1147 1312; x_wconf 87' lang='lat' dir='ltr'><strong>dolus.</strong></span> 
     </span>
    </p>

    <p class='ocr_par' dir='ltr' id='par_1_13' title="bbox 190 1336 960 1418">
     <span class='ocr_line' id='line_1_13' title="bbox 190 1336 960 1418; baseline 0 -20"><span class='ocrx_word' id='word_1_75' title='bbox 190 1356 272 1399; x_wconf 79' lang='lat' dir='ltr'><strong>rnur.</strong></span> <span class='ocrx_word' id='word_1_76' title='bbox 317 1336 424 1399; x_wconf 86' lang='lat' dir='ltr'><strong>Redire</strong></span> <span class='ocrx_word' id='word_1_77' title='bbox 445 1337 539 1418; x_wconf 86' lang='lat' dir='ltr'><strong>pietas</strong></span> <span class='ocrx_word' id='word_1_78' title='bbox 561 1338 641 1399; x_wconf 90' lang='lat' dir='ltr'><strong>uude</strong></span> <span class='ocrx_word' id='word_1_79' title='bbox 663 1337 797 1399; x_wconf 87' lang='lat' dir='ltr'><strong>submota</strong></span> <span class='ocrx_word' id='word_1_80' title='bbox 820 1346 865 1400; x_wconf 82' lang='lat' dir='ltr'><strong>est</strong></span> <span class='ocrx_word' id='word_1_81' title='bbox 886 1337 960 1399; x_wconf 84' lang='lat' dir='ltr'><strong>solet</strong></span> 
     </span>
    </p>

    <p class='ocr_par' dir='ltr' id='par_1_14' title="bbox 188 1422 834 1504">
     <span class='ocr_line' id='line_1_14' title="bbox 188 1422 834 1504; baseline -0.002 -20"><span class='ocrx_word' id='word_1_82' title='bbox 188 1430 365 1504; x_wconf 79' lang='lat' dir='ltr'><strong>reparatque</strong></span> <span class='ocrx_word' id='word_1_83' title='bbox 385 1422 462 1484; x_wconf 86' lang='lat' dir='ltr'><strong>vires</strong></span> <span class='ocrx_word' id='word_1_84' title='bbox 484 1422 579 1484; x_wconf 88' lang='lat' dir='ltr'><strong>iustus</strong></span> <span class='ocrx_word' id='word_1_85' title='bbox 600 1422 721 1485; x_wconf 86' lang='lat' dir='ltr'><strong>amissas</strong></span> <span class='ocrx_word' id='word_1_86' title='bbox 743 1438 834 1484; x_wconf 91' lang='lat' dir='ltr'><strong>amor.</strong></span> 
     </span>
    </p>

    <p class='ocr_par' dir='ltr' id='par_1_15' title="bbox 189 1505 993 1589">
     <span class='ocr_line' id='line_1_15' title="bbox 189 1505 993 1589; baseline -0.004 -20"><span class='ocrx_word' id='word_1_87' title='bbox 189 1526 252 1570; x_wconf 83' lang='lat' dir='ltr'><strong>rar.</strong></span> <span class='ocrx_word' id='word_1_88' title='bbox 317 1507 404 1569; x_wconf 78' lang='lat' dir='ltr'><strong>Amat</strong></span> <span class='ocrx_word' id='word_1_89' title='bbox 425 1506 573 1588; x_wconf 73' lang='lat' dir='ltr'><strong>Thyesten</strong></span> <span class='ocrx_word' id='word_1_90' title='bbox 597 1505 711 1571; x_wconf 80' lang='lat' dir='ltr'><strong>irater?</strong></span> <span class='ocrx_word' id='word_1_91' title='bbox 742 1507 887 1570; x_wconf 87' lang='lat' dir='ltr'><strong>aetherias</strong></span> <span class='ocrx_word' id='word_1_92' title='bbox 907 1506 993 1589; x_wconf 90' lang='lat' dir='ltr'><strong>prius</strong></span> 
     </span>
    </p>

    <p class='ocr_par' dir='ltr' id='par_1_16' title="bbox 188 1591 883 1675">
     <span class='ocr_line' id='line_1_16' title="bbox 188 1591 883 1675; baseline 0 -20"><span class='ocrx_word' id='word_1_93' title='bbox 188 1593 348 1674; x_wconf 86' lang='lat' dir='ltr'><strong>perfundet</strong></span> <span class='ocrx_word' id='word_1_94' title='bbox 368 1595 475 1654; x_wconf 75' lang='lat' dir='ltr'><strong>Arctos</strong></span> <span class='ocrx_word' id='word_1_95' title='bbox 496 1603 607 1675; x_wconf 88' lang='lat' dir='ltr'><strong>pontus</strong></span> <span class='ocrx_word' id='word_1_96' title='bbox 629 1604 658 1654; x_wconf 88' lang='lat' dir='ltr'><strong>et</strong></span> <span class='ocrx_word' id='word_1_97' title='bbox 680 1591 770 1654; x_wconf 85' lang='lat' dir='ltr'><strong>Siculi</strong></span> <span class='ocrx_word' id='word_1_98' title='bbox 794 1610 883 1674; x_wconf 81' lang='lat' dir='ltr'><strong>rapax</strong></span> 
     </span>
    </p>

    <p class='ocr_par' dir='ltr' id='par_1_17' title="bbox 188 1678 816 1756">
     <span class='ocr_line' id='line_1_17' title="bbox 188 1678 816 1756; baseline -0.003 -16"><span class='ocrx_word' id='word_1_99' title='bbox 188 1679 331 1740; x_wconf 87' lang='lat' dir='ltr'><strong>consistet</strong></span> <span class='ocrx_word' id='word_1_100' title='bbox 351 1689 449 1740; x_wconf 85' lang='lat' dir='ltr'><strong>aestus</strong></span> <span class='ocrx_word' id='word_1_101' title='bbox 472 1678 550 1740; x_wconf 86' lang='lat' dir='ltr'><strong>unda</strong></span> <span class='ocrx_word' id='word_1_102' title='bbox 573 1689 602 1740; x_wconf 90' lang='lat' dir='ltr'><strong>et</strong></span> <span class='ocrx_word' id='word_1_103' title='bbox 622 1679 707 1739; x_wconf 92' lang='lat' dir='ltr'><strong>lonio</strong></span> <span class='ocrx_word' id='word_1_104' title='bbox 731 1696 816 1756; x_wconf 78' lang='lat' dir='ltr'><strong>seges</strong></span> 
     </span>
    </p>

    <p class='ocr_par' dir='ltr' id='par_1_18' title="bbox 187 1763 821 1845">
     <span class='ocr_line' id='line_1_18' title="bbox 187 1763 821 1845; baseline -0.003 -19"><span class='ocrx_word' id='word_1_105' title='bbox 187 1775 300 1826; x_wconf 86' lang='lat' dir='ltr'><strong>matura</strong></span> <span class='ocrx_word' id='word_1_106' title='bbox 323 1763 428 1845; x_wconf 81' lang='lat' dir='ltr'><strong>pelago</strong></span> <span class='ocrx_word' id='word_1_107' title='bbox 451 1773 551 1844; x_wconf 80' lang='lat' dir='ltr'><strong>surget</strong></span> <span class='ocrx_word' id='word_1_108' title='bbox 573 1774 601 1825; x_wconf 88' lang='lat' dir='ltr'><strong>et</strong></span> <span class='ocrx_word' id='word_1_109' title='bbox 623 1763 719 1825; x_wconf 87' lang='lat' dir='ltr'><strong>lucem</strong></span> <span class='ocrx_word' id='word_1_110' title='bbox 741 1763 821 1825; x_wconf 82' lang='lat' dir='ltr'><strong>dabit</strong></span> 
     </span>
    </p>

    <p class='ocr_par' dir='ltr' id='par_1_19' title="bbox 187 1849 1273 2006">
     <span class='ocr_line' id='line_1_19' title="bbox 187 1849 1273 1929; baseline -0.002 -18"><span class='ocrx_word' id='word_1_111' title='bbox 187 1867 247 1911; x_wconf 84' lang='lat' dir='ltr'><strong>nox</strong></span> <span class='ocrx_word' id='word_1_112' title='bbox 268 1859 329 1912; x_wconf 86' lang='lat' dir='ltr'><strong>atra</strong></span> <span class='ocrx_word' id='word_1_113' title='bbox 351 1849 447 1923; x_wconf 86' lang='lat' dir='ltr'><strong>terris,</strong></span> <span class='ocrx_word' id='word_1_114' title='bbox 469 1859 537 1911; x_wconf 90' lang='lat' dir='ltr'><strong>ante</strong></span> <span class='ocrx_word' id='word_1_115' title='bbox 560 1867 627 1911; x_wconf 89' lang='lat' dir='ltr'><strong>cum</strong></span> <span class='ocrx_word' id='word_1_116' title='bbox 648 1849 775 1911; x_wconf 84' lang='lat' dir='ltr'><strong>flammis</strong></span> <span class='ocrx_word' id='word_1_117' title='bbox 796 1864 899 1929; x_wconf 86' lang='lat' dir='ltr'><strong>aquae,</strong></span> <span class='ocrx_word' id='word_1_118' title='bbox 1228 1858 1273 1909; x_wconf 74' lang='grc'><strong>499</strong></span> 
     </span>
     <span class='ocr_line' id='line_1_20' title="bbox 187 1934 884 2006; baseline -0.006 -9"><span class='ocrx_word' id='word_1_119' title='bbox 187 1952 255 1997; x_wconf 91' lang='lat' dir='ltr'><strong>cum</strong></span> <span class='ocrx_word' id='word_1_120' title='bbox 277 1940 372 1996; x_wconf 88' lang='lat' dir='ltr'><strong>morte</strong></span> <span class='ocrx_word' id='word_1_121' title='bbox 393 1934 460 2006; x_wconf 84' lang='lat' dir='ltr'><strong>rita,</strong></span> <span class='ocrx_word' id='word_1_122' title='bbox 483 1953 551 1996; x_wconf 91' lang='lat' dir='ltr'><strong>cum</strong></span> <span class='ocrx_word' id='word_1_123' title='bbox 573 1935 653 1996; x_wconf 84' lang='lat' dir='ltr'><strong>mori·</strong></span> <span class='ocrx_word' id='word_1_124' title='bbox 669 1943 774 1996; x_wconf 85' lang='lat' dir='ltr'><strong>ventus</strong></span> <span class='ocrx_word' id='word_1_125' title='bbox 796 1934 884 1994; x_wconf 84' lang='lat' dir='ltr'><strong>fidem</strong></span> 
     </span>
    </p>

    <p class='ocr_par' dir='ltr' id='par_1_20' title="bbox 186 2013 1250 2185">
     <span class='ocr_line' id='line_1_21' title="bbox 186 2013 1250 2101; baseline -0.004 -20"><span class='ocrx_word' id='word_1_126' title='bbox 186 2020 349 2101; x_wconf 84' lang='lat' dir='ltr'><strong>foedusque</strong></span> <span class='ocrx_word' id='word_1_127' title='bbox 371 2020 505 2098; x_wconf 84' lang='lat' dir='ltr'><strong>iungent.</strong></span> <span class='ocrx_word' id='word_1_128' title='bbox 550 2040 632 2081; x_wconf 72' lang='lat' dir='ltr'><strong>rtur.</strong></span> <span class='ocrx_word' id='word_1_129' title='bbox 676 2018 770 2091; x_wconf 85' lang='lat' dir='ltr'><strong>Quam</strong></span> <span class='ocrx_word' id='word_1_130' title='bbox 792 2031 888 2079; x_wconf 88' lang='lat' dir='ltr'><strong>tamen</strong></span> <span class='ocrx_word' id='word_1_131' title='bbox 910 2016 1043 2078; x_wconf 80' lang='lat' dir='ltr'><strong>fraudem</strong></span> <span class='ocrx_word' id='word_1_132' title='bbox 1066 2013 1184 2078; x_wconf 73' lang='lat' dir='ltr'><strong>times?</strong></span> <span class='ocrx_word' id='word_1_133' title='bbox 1247 2088 1250 2089; x_wconf 16' lang='lat'><em>⁷</em></span> 
     </span>
     <span class='ocr_line' id='line_1_22' title="bbox 186 2098 1093 2185; baseline -0.007 -19"><span class='ocrx_word' id='word_1_134' title='bbox 186 2120 250 2166; x_wconf 83' lang='lat' dir='ltr'><strong>rur.</strong></span> <span class='ocrx_word' id='word_1_135' title='bbox 316 2104 459 2167; x_wconf 86' lang='lat' dir='ltr'><strong>Omnem:</strong></span> <span class='ocrx_word' id='word_1_136' title='bbox 481 2106 579 2166; x_wconf 88' lang='lat' dir='ltr'><strong>timori</strong></span> <span class='ocrx_word' id='word_1_137' title='bbox 603 2122 691 2185; x_wconf 90' lang='lat' dir='ltr'><strong>quern</strong></span> <span class='ocrx_word' id='word_1_138' title='bbox 712 2122 780 2165; x_wconf 89' lang='lat' dir='ltr'><strong>meo</strong></span> <span class='ocrx_word' id='word_1_139' title='bbox 802 2113 927 2164; x_wconf 87' lang='lat' dir='ltr'><strong>statuam</strong></span> <span class='ocrx_word' id='word_1_140' title='bbox 949 2098 1093 2162; x_wconf 72' lang='lat' dir='ltr'><strong>modum?</strong></span> 
     </span>
    </p>

    <p class='ocr_par' dir='ltr' id='par_1_21' title="bbox 185 2183 1272 2442">
     <span class='ocr_line' id='line_1_23' title="bbox 186 2183 1190 2271; baseline -0.004 -19"><span class='ocrx_word' id='word_1_141' title='bbox 186 2199 298 2252; x_wconf 89' lang='lat' dir='ltr'><strong>tanturn</strong></span> <span class='ocrx_word' id='word_1_142' title='bbox 321 2199 419 2270; x_wconf 76' lang='lat' dir='ltr'><strong>potest</strong></span> <span class='ocrx_word' id='word_1_143' title='bbox 441 2200 583 2271; x_wconf 88' lang='lat' dir='ltr'><strong>quantum</strong></span> <span class='ocrx_word' id='word_1_144' title='bbox 607 2190 678 2251; x_wconf 87' lang='lat' dir='ltr'><strong>odit.</strong></span> <span class='ocrx_word' id='word_1_145' title='bbox 723 2208 806 2253; x_wconf 79' lang='lat' dir='ltr'><strong>rrnr.</strong></span> <span class='ocrx_word' id='word_1_146' title='bbox 859 2188 945 2249; x_wconf 77' lang='lat' dir='ltr'><strong>lnte</strong></span> <span class='ocrx_word' id='word_1_147' title='bbox 965 2187 1038 2267; x_wconf 83' lang='lat' dir='ltr'><strong>quid</strong></span> <span class='ocrx_word' id='word_1_148' title='bbox 1059 2183 1190 2267; x_wconf 76' lang='lat' dir='ltr'><strong>potest?</strong></span> 
     </span>
     <span class='ocr_line' id='line_1_24' title="bbox 186 2272 1272 2338; baseline -0.002 -1"><span class='ocrx_word' id='word_1_149' title='bbox 186 2293 249 2337; x_wconf 82' lang='lat' dir='ltr'><strong>rur.</strong></span> <span class='ocrx_word' id='word_1_150' title='bbox 312 2274 440 2337; x_wconf 89' lang='lat' dir='ltr'><strong>Prome</strong></span> <span class='ocrx_word' id='word_1_151' title='bbox 463 2276 537 2338; x_wconf 92' lang='lat' dir='ltr'><strong>nihil</strong></span> <span class='ocrx_word' id='word_1_152' title='bbox 559 2276 616 2336; x_wconf 89' lang='lat' dir='ltr'><strong>iam</strong></span> <span class='ocrx_word' id='word_1_153' title='bbox 638 2284 754 2336; x_wconf 86' lang='lat' dir='ltr'><strong>metuo:</strong></span> <span class='ocrx_word' id='word_1_154' title='bbox 777 2293 829 2336; x_wconf 85' lang='lat' dir='ltr'><strong>vos</strong></span> <span class='ocrx_word' id='word_1_155' title='bbox 851 2274 945 2336; x_wconf 80' lang='lat' dir='ltr'><strong>facitis</strong></span> <span class='ocrx_word' id='word_1_156' title='bbox 968 2272 1039 2333; x_wconf 85' lang='lat' dir='ltr'><strong>mihi</strong></span> <span class='ocrx_word' id='word_1_157' title='bbox 1226 2283 1272 2335; x_wconf 77' lang='lat'><strong>485</strong></span> 
     </span>
     <span class='ocr_line' id='line_1_25' title="bbox 185 2355 998 2442; baseline -0.004 -21"><span class='ocrx_word' id='word_1_158' title='bbox 185 2362 272 2422; x_wconf 76' lang='lat' dir='ltr'><strong>Atrea</strong></span> <span class='ocrx_word' id='word_1_159' title='bbox 294 2361 467 2421; x_wconf 87' lang='lat' dir='ltr'><strong>timendum.</strong></span> <span class='ocrx_word' id='word_1_160' title='bbox 511 2380 593 2422; x_wconf 72' lang='lat' dir='ltr'><strong>rtur.</strong></span> <span class='ocrx_word' id='word_1_161' title='bbox 637 2359 741 2442; x_wconf 83' lang='lat' dir='ltr'><strong>Decipi</strong></span> <span class='ocrx_word' id='word_1_162' title='bbox 763 2368 867 2422; x_wconf 88' lang='lat' dir='ltr'><strong>cautus</strong></span> <span class='ocrx_word' id='word_1_163' title='bbox 888 2355 998 2421; x_wconf 75' lang='lat' dir='ltr'><strong>times?</strong></span> 
     </span>
    </p>

    <p class='ocr_par' dir='ltr' id='par_1_22' title="bbox 185 2440 1065 2526">
     <span class='ocr_line' id='line_1_26' title="bbox 185 2440 1065 2526; baseline -0.003 -20"><span class='ocrx_word' id='word_1_164' title='bbox 185 2464 247 2506; x_wconf 84' lang='lat' dir='ltr'><strong>rur.</strong></span> <span class='ocrx_word' id='word_1_165' title='bbox 314 2445 418 2506; x_wconf 87' lang='lat' dir='ltr'><strong>Serum</strong></span> <span class='ocrx_word' id='word_1_166' title='bbox 441 2454 484 2506; x_wconf 85' lang='lat' dir='ltr'><strong>est</strong></span> <span class='ocrx_word' id='word_1_167' title='bbox 505 2445 626 2506; x_wconf 87' lang='lat' dir='ltr'><strong>cavendi</strong></span> <span class='ocrx_word' id='word_1_168' title='bbox 648 2454 766 2526; x_wconf 83' lang='lat' dir='ltr'><strong>tempus</strong></span> <span class='ocrx_word' id='word_1_169' title='bbox 788 2445 818 2505; x_wconf 92' lang='lat' dir='ltr'><strong>in</strong></span> <span class='ocrx_word' id='word_1_170' title='bbox 842 2440 1065 2505; x_wconf 76' lang='lat' dir='ltr'><strong>mediia¹mhlisz</strong></span> 
     </span>
    </p>

    <p class='ocr_par' dir='ltr' id='par_1_23' title="bbox 184 2530 883 2610">
     <span class='ocr_line' id='line_1_27' title="bbox 184 2530 883 2610; baseline -0.003 -19"><span class='ocrx_word' id='word_1_171' title='bbox 184 2540 275 2592; x_wconf 85' lang='lat' dir='ltr'><strong>eatur.</strong></span> <span class='ocrx_word' id='word_1_172' title='bbox 320 2548 412 2591; x_wconf 89' lang='lat' dir='ltr'><strong>unum</strong></span> <span class='ocrx_word' id='word_1_173' title='bbox 435 2530 551 2610; x_wconf 84' lang='lat' dir='ltr'><strong>genitor</strong></span> <span class='ocrx_word' id='word_1_174' title='bbox 571 2532 630 2592; x_wconf 90' lang='lat' dir='ltr'><strong>hoc</strong></span> <span class='ocrx_word' id='word_1_175' title='bbox 653 2538 746 2591; x_wconf 88' lang='lat' dir='ltr'><strong>testor</strong></span> <span class='ocrx_word' id='word_1_176' title='bbox 766 2540 883 2591; x_wconf 73' lang='lat' dir='ltr'><strong>tamem</strong></span> 
     </span>
    </p>

    <p class='ocr_par' dir='ltr' id='par_1_24' title="bbox 184 2613 1061 2696">
     <span class='ocr_line' id='line_1_28' title="bbox 184 2613 1061 2696; baseline -0.006 -19"><span class='ocrx_word' id='word_1_177' title='bbox 184 2634 239 2695; x_wconf 82' lang='lat' dir='ltr'><strong>ego</strong></span> <span class='ocrx_word' id='word_1_178' title='bbox 261 2634 313 2676; x_wconf 84' lang='lat' dir='ltr'><strong>ros</strong></span> <span class='ocrx_word' id='word_1_179' title='bbox 334 2634 453 2695; x_wconf 78' lang='lat' dir='ltr'><strong>sequor,</strong></span> <span class='ocrx_word' id='word_1_180' title='bbox 476 2632 537 2677; x_wconf 91' lang='lat' dir='ltr'><strong>non</strong></span> <span class='ocrx_word' id='word_1_181' title='bbox 559 2616 646 2677; x_wconf 86' lang='lat' dir='ltr'><strong>duco.</strong></span> <span class='ocrx_word' id='word_1_182' title='bbox 691 2634 773 2677; x_wconf 75' lang='lat' dir='ltr'><strong>rann.</strong></span> <span class='ocrx_word' id='word_1_183' title='bbox 818 2614 966 2696; x_wconf 86' lang='lat' dir='ltr'><strong>Respiciet</strong></span> <span class='ocrx_word' id='word_1_184' title='bbox 988 2613 1061 2673; x_wconf 86' lang='lat' dir='ltr'><strong>deus</strong></span> 
     </span>
    </p>

    <p class='ocr_par' dir='ltr' id='par_1_25' title="bbox 183 2700 1269 2783">
     <span class='ocr_line' id='line_1_29' title="bbox 183 2700 1269 2783; baseline -0.004 -22"><span class='ocrx_word' id='word_1_185' title='bbox 183 2702 259 2762; x_wconf 87' lang='lat' dir='ltr'><strong>hene</strong></span> <span class='ocrx_word' id='word_1_186' title='bbox 281 2701 416 2780; x_wconf 82' lang='lat' dir='ltr'><strong>cogitata.</strong></span> <span class='ocrx_word' id='word_1_187' title='bbox 460 2719 550 2783; x_wconf 82' lang='lat' dir='ltr'><strong>perge</strong></span> <span class='ocrx_word' id='word_1_188' title='bbox 572 2720 632 2763; x_wconf 87' lang='lat' dir='ltr'><strong>nou</strong></span> <span class='ocrx_word' id='word_1_189' title='bbox 657 2700 746 2761; x_wconf 84' lang='lat' dir='ltr'><strong>dnbio</strong></span> <span class='ocrx_word' id='word_1_190' title='bbox 769 2701 870 2780; x_wconf 82' lang='lat' dir='ltr'><strong>gradu.</strong></span> <span class='ocrx_word' id='word_1_191' title='bbox 1220 2706 1269 2758; x_wconf 78' lang='grc'><strong>499</strong></span> 
     </span>
    </p>
   </div>
   <div class='ocr_carea' id='block_1_3' title="bbox 471 2853 621 2916">
    <p class='ocr_par' dir='ltr' id='par_1_26' title="bbox 471 2853 621 2916">
     <span class='ocr_line' id='line_1_30' title="bbox 471 2853 621 2916; baseline 0 -1"><span class='ocrx_word' id='word_1_192' title='bbox 471 2853 621 2916; x_wconf 76' lang='lat' dir='ltr'><strong>ATREVS</strong></span> 
     </span>
    </p>
   </div>
   <div class='ocr_carea' id='block_1_4' title="bbox 180 2953 1261 3375">
    <p class='ocr_par' dir='ltr' id='par_1_27' title="bbox 180 2953 1261 3375">
     <span class='ocr_line' id='line_1_31' title="bbox 266 2953 933 3036; baseline -0.001 -22"><span class='ocrx_word' id='word_1_193' title='bbox 266 2953 365 3034; x_wconf 78' lang='lat' dir='ltr'><strong>Plagis</strong></span> <span class='ocrx_word' id='word_1_194' title='bbox 386 2964 503 3017; x_wconf 86' lang='lat' dir='ltr'><strong>tenetur</strong></span> <span class='ocrx_word' id='word_1_195' title='bbox 526 2956 623 3018; x_wconf 90' lang='lat' dir='ltr'><strong>clausa</strong></span> <span class='ocrx_word' id='word_1_196' title='bbox 646 2955 796 3036; x_wconf 88' lang='lat' dir='ltr'><strong>dispositis</strong></span> <span class='ocrx_word' id='word_1_197' title='bbox 818 2955 895 3014; x_wconf 75' lang='lat' dir='ltr'><strong>ierat</strong></span> <span class='ocrx_word' id='word_1_198' title='bbox 929 2980 933 2987; x_wconf 88' lang='lat'><strong>·</strong></span> 
     </span>
     <span class='ocr_line' id='line_1_32' title="bbox 182 3039 858 3121; baseline -0.001 -21"><span class='ocrx_word' id='word_1_199' title='bbox 182 3051 211 3100; x_wconf 90' lang='lat' dir='ltr'><strong>et</strong></span> <span class='ocrx_word' id='word_1_200' title='bbox 232 3040 329 3121; x_wconf 88' lang='lat' dir='ltr'><strong>ipsum</strong></span> <span class='ocrx_word' id='word_1_201' title='bbox 352 3048 461 3102; x_wconf 80' lang='lat' dir='ltr'><strong>etune</strong></span> <span class='ocrx_word' id='word_1_202' title='bbox 484 3042 601 3119; x_wconf 77' lang='lat' dir='ltr'><strong>generis</strong></span> <span class='ocrx_word' id='word_1_203' title='bbox 622 3041 708 3101; x_wconf 86' lang='lat' dir='ltr'><strong>invisi</strong></span> <span class='ocrx_word' id='word_1_204' title='bbox 731 3039 858 3101; x_wconf 86' lang='lat' dir='ltr'><strong>indolem</strong></span> 
     </span>
     <span class='ocr_line' id='line_1_33' title="bbox 180 3123 896 3205; baseline -0.001 -21"><span class='ocrx_word' id='word_1_205' title='bbox 180 3125 310 3186; x_wconf 90' lang='lat' dir='ltr'><strong>iunctam</strong></span> <span class='ocrx_word' id='word_1_206' title='bbox 332 3127 447 3205; x_wconf 87' lang='lat' dir='ltr'><strong>parenti</strong></span> <span class='ocrx_word' id='word_1_207' title='bbox 470 3144 569 3187; x_wconf 89' lang='lat' dir='ltr'><strong>cerno.</strong></span> <span class='ocrx_word' id='word_1_208' title='bbox 613 3125 670 3186; x_wconf 88' lang='lat' dir='ltr'><strong>ianr</strong></span> <span class='ocrx_word' id='word_1_209' title='bbox 693 3133 757 3186; x_wconf 87' lang='lat' dir='ltr'><strong>tuto</strong></span> <span class='ocrx_word' id='word_1_210' title='bbox 779 3125 810 3185; x_wconf 90' lang='lat' dir='ltr'><strong>in</strong></span> <span class='ocrx_word' id='word_1_211' title='bbox 830 3123 896 3184; x_wconf 95' lang='lat' dir='ltr'><strong>loco</strong></span> 
     </span>
     <span class='ocr_line' id='line_1_34' title="bbox 180 3208 874 3272; baseline 0.003 -5"><span class='ocrx_word' id='word_1_212' title='bbox 180 3218 334 3270; x_wconf 88' lang='lat' dir='ltr'><strong>versantur</strong></span> <span class='ocrx_word' id='word_1_213' title='bbox 355 3208 430 3272; x_wconf 88' lang='lat' dir='ltr'><strong>odia.</strong></span> <span class='ocrx_word' id='word_1_214' title='bbox 474 3211 605 3272; x_wconf 85' lang='lat' dir='ltr'><strong>venitin</strong></span> <span class='ocrx_word' id='word_1_215' title='bbox 629 3218 747 3272; x_wconf 89' lang='lat' dir='ltr'><strong>nostras</strong></span> <span class='ocrx_word' id='word_1_216' title='bbox 768 3226 874 3269; x_wconf 85' lang='lat' dir='ltr'><strong>uranus</strong></span> 
     </span>
     <span class='ocr_line' id='line_1_35' title="bbox 180 3292 1261 3375; baseline -0.004 -20"><span class='ocrx_word' id='word_1_217' title='bbox 180 3295 298 3356; x_wconf 80' lang='lat' dir='ltr'><strong>tandem</strong></span> <span class='ocrx_word' id='word_1_218' title='bbox 321 3292 471 3374; x_wconf 77' lang='lat' dir='ltr'><strong>Thyestes,</strong></span> <span class='ocrx_word' id='word_1_219' title='bbox 493 3296 582 3369; x_wconf 84' lang='lat' dir='ltr'><strong>venit,</strong></span> <span class='ocrx_word' id='word_1_220' title='bbox 605 3304 634 3357; x_wconf 92' lang='lat' dir='ltr'><strong>et</strong></span> <span class='ocrx_word' id='word_1_221' title='bbox 655 3303 735 3357; x_wconf 89' lang='lat' dir='ltr'><strong>totus</strong></span> <span class='ocrx_word' id='word_1_222' title='bbox 758 3294 886 3375; x_wconf 86' lang='lat' dir='ltr'><strong>quidem.</strong></span> <span class='ocrx_word' id='word_1_223' title='bbox 970 3360 972 3364; x_wconf 68' lang='lat'>,</span> <span class='ocrx_word' id='word_1_224' title='bbox 1212 3299 1261 3351; x_wconf 69' lang='lat' dir='ltr'><strong>etto</strong></span> 
     </span>
    </p>
   </div>
   <div class='ocr_carea' id='block_1_5' title="bbox 151 3506 1306 3902">
    <p class='ocr_par' dir='ltr' id='par_1_28' title="bbox 151 3506 1306 3902">
     <span class='ocr_line' id='line_1_36' title="bbox 264 3506 1259 3580; baseline -0.01 -11"><span class='ocrx_word' id='word_1_225' title='bbox 264 3519 314 3570; x_wconf 72' lang='lat' dir='ltr'><strong>lot</strong></span> <span class='ocrx_word' id='word_1_226' title='bbox 332 3514 448 3568; x_wconf 79' lang='lat' dir='ltr'><strong>ducenda</strong></span> <span class='ocrx_word' id='word_1_227' title='bbox 465 3516 490 3565; x_wconf 86' lang='lat' dir='ltr'><em>A</em></span> <span class='ocrx_word' id='word_1_228' title='bbox 558 3515 608 3567; x_wconf 75' lang='grc'><strong>469</strong></span> <span class='ocrx_word' id='word_1_229' title='bbox 626 3529 646 3565; x_wconf 90' lang='lat' dir='ltr'><strong>r.</strong></span> <span class='ocrx_word' id='word_1_230' title='bbox 663 3529 690 3580; x_wconf 87' lang='lat' dir='ltr'><strong>p.</strong></span> <span class='ocrx_word' id='word_1_231' title='bbox 711 3513 762 3565; x_wconf 83' lang='lat' dir='ltr'><strong>alta</strong></span> <span class='ocrx_word' id='word_1_232' title='bbox 780 3513 805 3564; x_wconf 83' lang='lat' dir='ltr'><em>A</em></span> <span class='ocrx_word' id='word_1_233' title='bbox 862 3514 910 3563; x_wconf 77' lang='lat' dir='ltr'><strong>lit</strong></span> <span class='ocrx_word' id='word_1_234' title='bbox 930 3508 988 3561; x_wconf 90' lang='lat' dir='ltr'><strong>abu.</strong></span> <span class='ocrx_word' id='word_1_235' title='bbox 1007 3506 1088 3560; x_wconf 81' lang='lat' dir='ltr'><strong>estll</strong></span> <span class='ocrx_word' id='word_1_236' title='bbox 1158 3509 1214 3560; x_wconf 73' lang='lat'><strong>472</strong></span> <span class='ocrx_word' id='word_1_237' title='bbox 1234 3523 1259 3559; x_wconf 89' lang='lat' dir='ltr'><strong>u.</strong></span> 
     </span>
     <span class='ocr_line' id='line_1_37' title="bbox 151 3573 1306 3652; baseline -0.004 -21"><span class='ocrx_word' id='word_1_238' title='bbox 151 3600 203 3638; x_wconf 82' lang='lat' dir='ltr'><strong>a.</strong></span> <span class='ocrx_word' id='word_1_239' title='bbox 225 3581 335 3652; x_wconf 75' lang='lat' dir='ltr'><strong>Thyesti</strong></span> <span class='ocrx_word' id='word_1_240' title='bbox 353 3585 435 3634; x_wconf 78' lang='lat' dir='ltr'><strong>datur·</strong></span> <span class='ocrx_word' id='word_1_241' title='bbox 452 3583 485 3636; x_wconf 83' lang='lat' dir='ltr'><strong>A.</strong></span> <span class='ocrx_word' id='word_1_242' title='bbox 504 3610 532 3622; x_wconf 92' lang='lat'><em>-</em></span> <span class='ocrx_word' id='word_1_243' title='bbox 557 3587 597 3634; x_wconf 85' lang='lat' dir='ltr'><strong>est</strong></span> <span class='ocrx_word' id='word_1_244' title='bbox 616 3596 667 3633; x_wconf 85' lang='lat' dir='ltr'><strong>om.</strong></span> <span class='ocrx_word' id='word_1_245' title='bbox 686 3582 710 3631; x_wconf 84' lang='lat' dir='ltr'><em>A</em></span> <span class='ocrx_word' id='word_1_246' title='bbox 778 3581 828 3633; x_wconf 77' lang='grc'><strong>476</strong></span> <span class='ocrx_word' id='word_1_247' title='bbox 847 3578 988 3646; x_wconf 84' lang='lat' dir='ltr'><strong>Thyestem</strong></span> <span class='ocrx_word' id='word_1_248' title='bbox 1004 3577 1030 3627; x_wconf 82' lang='lat' dir='ltr'><em>A</em></span> <span class='ocrx_word' id='word_1_249' title='bbox 1097 3577 1149 3628; x_wconf 83' lang='grc'><strong>486</strong></span> <span class='ocrx_word' id='word_1_250' title='bbox 1168 3573 1259 3642; x_wconf 83' lang='lat' dir='ltr'><strong>decipi</strong></span> <span class='ocrx_word' id='word_1_251' title='bbox 1305 3646 1306 3649; x_wconf 8' lang='grc' dir='ltr'><strong>Ἴ</strong></span> 
     </span>
     <span class='ocr_line' id='line_1_38' title="bbox 177 3643 1260 3783; baseline -0.01 -9"><span class='ocrx_word' id='word_1_252' title='bbox 177 3652 309 3774; x_wconf 50' lang='lat' dir='ltr'><strong>livalli</strong></span> <span class='ocrx_word' id='word_1_253' title='bbox 325 3643 1260 3783; x_wconf 46' lang='lat' dir='ltr'><strong>lethaliterllttmtlltltttt‘l‘titillet&amp;</strong></span> 
     </span>
     <span class='ocr_line' id='line_1_39' title="bbox 177 3751 1259 3902; baseline -0.008 -64"><span class='ocrx_word' id='word_1_254' title='bbox 177 3788 321 3840; x_wconf 80' lang='lat' dir='ltr'><strong>nuaturA</strong></span> <span class='ocrx_word' id='word_1_255' title='bbox 340 3817 373 3826; x_wconf 93' lang='lat'><em>-</em></span> <span class='ocrx_word' id='word_1_256' title='bbox 392 3758 508 3854; x_wconf 62' lang='lat' dir='ltr'><strong>gen.¹lroc</strong></span> <span class='ocrx_word' id='word_1_257' title='bbox 519 3758 650 3838; x_wconf 75' lang='lat' dir='ltr'><strong>hortamen</strong></span> <span class='ocrx_word' id='word_1_258' title='bbox 660 3786 734 3837; x_wconf 85' lang='lat' dir='ltr'><strong>estA</strong></span> <span class='ocrx_word' id='word_1_259' title='bbox 776 3786 826 3838; x_wconf 85' lang='grc'><strong>489</strong></span> <span class='ocrx_word' id='word_1_260' title='bbox 844 3799 893 3902; x_wconf 56' lang='lat' dir='ltr'><strong>elqo</strong></span> <span class='ocrx_word' id='word_1_261' title='bbox 904 3811 924 3820; x_wconf 93' lang='lat'>-</span> <span class='ocrx_word' id='word_1_262' title='bbox 935 3751 1123 3848; x_wconf 67' lang='lat' dir='ltr'><strong>duoi‘nttyeso·</strong></span> <span class='ocrx_word' id='word_1_263' title='bbox 1133 3779 1222 3831; x_wconf 65' lang='lat' dir='ltr'><strong>datam</strong></span> <span class='ocrx_word' id='word_1_264' title='bbox 1232 3781 1259 3831; x_wconf 83' lang='grc' dir='ltr'><em>Α</em></span> 
     </span>
    </p>
   </div>
   <div class='ocr_carea' id='block_1_6' title="bbox 175 3848 1260 4037">
    <p class='ocr_par' dir='ltr' id='par_1_29' title="bbox 175 3848 1260 4037">
     <span class='ocr_line' id='line_1_40' title="bbox 176 3848 1260 3921; baseline -0.006 -15"><span class='ocrx_word' id='word_1_265' title='bbox 176 3858 226 3907; x_wconf 84' lang='grc'><strong>490</strong></span> <span class='ocrx_word' id='word_1_266' title='bbox 244 3855 270 3907; x_wconf 87' lang='lat' dir='ltr'><strong>b.</strong></span> <span class='ocrx_word' id='word_1_267' title='bbox 289 3871 312 3909; x_wconf 87' lang='lat' dir='ltr'><strong>e.</strong></span> <span class='ocrx_word' id='word_1_268' title='bbox 337 3861 364 3905; x_wconf 84' lang='lat' dir='ltr'><strong>et</strong></span> <span class='ocrx_word' id='word_1_269' title='bbox 386 3870 411 3920; x_wconf 90' lang='lat' dir='ltr'><strong>p.</strong></span> <span class='ocrx_word' id='word_1_270' title='bbox 430 3870 454 3907; x_wconf 90' lang='lat' dir='ltr'><strong>u.</strong></span> <span class='ocrx_word' id='word_1_271' title='bbox 476 3854 500 3908; x_wconf 91' lang='lat' dir='ltr'><strong>d.</strong></span> <span class='ocrx_word' id='word_1_272' title='bbox 520 3869 545 3920; x_wconf 75' lang='lat' dir='ltr'><strong>g.</strong></span> <span class='ocrx_word' id='word_1_273' title='bbox 558 3854 689 3921; x_wconf 77' lang='lat' dir='ltr'><strong>&#39;propriis</strong></span> <span class='ocrx_word' id='word_1_274' title='bbox 712 3853 832 3903; x_wconf 61' lang='lat' dir='ltr'><strong>verubus</strong></span> <span class='ocrx_word' id='word_1_275' title='bbox 952 3852 1000 3903; x_wconf 85' lang='grc'><strong>491</strong></span> <span class='ocrx_word' id='word_1_276' title='bbox 1020 3862 1133 3900; x_wconf 69' lang='lat' dir='ltr'><strong>accense</strong></span> <span class='ocrx_word' id='word_1_277' title='bbox 1157 3848 1260 3900; x_wconf 60' lang='lat' dir='ltr'><strong>&amp;tuliae</strong></span> 
     </span>
     <span class='ocr_line' id='line_1_41' title="bbox 175 3915 1256 4037; baseline 0 -66"><span class='ocrx_word' id='word_1_278' title='bbox 175 3923 276 4037; x_wconf 37' lang='grc' dir='ltr'><strong>ἔπεϊ</strong></span> <span class='ocrx_word' id='word_1_279' title='bbox 289 3920 575 4037; x_wconf 52' lang='lat' dir='ltr'><strong>l{Jhyestes&#39;Tantalus.</strong></span> <span class='ocrx_word' id='word_1_280' title='bbox 594 3920 746 3974; x_wconf 77' lang='lat' dir='ltr'><strong>Plisthenes.</strong></span> <span class='ocrx_word' id='word_1_281' title='bbox 765 3919 870 3973; x_wconf 72' lang='lat' dir='ltr'><strong>taeitiE</strong></span> <span class='ocrx_word' id='word_1_282' title='bbox 886 3920 978 3970; x_wconf 85' lang='lat' dir='ltr'><strong>Atreus</strong></span> <span class='ocrx_word' id='word_1_283' title='bbox 996 3915 1158 3984; x_wconf 71' lang='lat' dir='ltr'><strong>Thyestesd</strong></span> <span class='ocrx_word' id='word_1_284' title='bbox 1189 3918 1256 3971; x_wconf 81' lang='lat'><strong>-493</strong></span> 
     </span>
    </p>
   </div>
   <div class='ocr_carea' id='block_1_7' title="bbox 0 0 1334 4488">
    <p class='ocr_par' dir='ltr' id='par_1_30' title="bbox 0 0 1334 4488">
     <span class='ocr_line' id='line_1_42' title="bbox 0 0 1334 4488; baseline 0 2"><span class='ocrx_word' id='word_1_285' title='bbox 0 0 1334 4488; x_wconf 95' lang='lat' dir='ltr'><strong> </strong></span> 
     </span>
    </p>
   </div>
  </div>
 </body>
</html>
