2658 4488
192 243 255 305 214
576 260 604 302 1.
627 259 731 303 sunnin
753 259 880 303 sancceio

192 411 297 473 ardore
318 428 417 472 sacrae
439 409 560 489 virginis
582 410 638 471 iam
662 419 724 471 tum
751 411 864 473 lutens.

192 515 255 558 uon
278 497 361 558 illum
386 495 513 557 Achilles
534 496 614 558 llexit
638 497 799 557 indomitus
822 495 922 572 minis,

193 600 255 643 uon
278 581 328 642 ille
349 581 431 642 solus
452 582 510 642 lata
532 581 583 660 qui
608 582 710 642 mnndi
733 581 820 653 videt,

192 667 222 727 in
247 685 302 728 nos
323 666 418 728 fidelis
440 683 544 744 augur,
566 667 598 727 in
620 674 719 746 captas
741 666 822 738 levis,

192 770 253 812 non
276 751 406 832 populus
428 769 516 830 aeger
537 761 567 812 et
588 751 755 813 relucentes
777 751 857 830 rogi:

193 836 271 898 inter
294 835 408 899 ruentis
430 836 569 898 Graeciae
592 847 720 912 stragem
743 836 873 897 ultimam

192 922 257 982 sine
278 922 363 983 hoste
384 921 478 982 victus
499 939 610 984 marcet
631 940 666 982 ac
687 921 795 982 Veneri
817 929 897 982 vacat

193 1015 368 1087 reparatque
390 1024 520 1077 amores;
545 1025 617 1068 neve
639 1007 774 1067 desertus
796 1008 873 1067 lorct

192 1110 207 1152 a
230 1091 341 1171 paelice
364 1108 502 1170 umquam
526 1091 648 1152 harhara
670 1091 784 1153 caelebs
811 1101 903 1167 torus,

194 1176 317 1238 ablatam
341 1176 446 1237 Achilli
470 1175 564 1254 diligit
585 1176 756 1255 Lyrnesida,

192 1279 248 1322 uec
269 1279 375 1341 rapere
397 1261 504 1340 puduit
525 1281 542 1322 e
564 1261 631 1322 sinu
655 1260 782 1323 avulsam
804 1261 857 1322 viri
881 1295 924 1306 -

192 1365 230 1407 en
252 1345 365 1408 Paridis
387 1347 511 1408 hostem.
559 1365 641 1408 nunc
662 1365 771 1408 novum
795 1347 902 1408 vulnus
925 1363 1033 1425 gerens

191 1448 292 1491 amore
312 1430 457 1510 Phrygiae
480 1431 553 1494 vatis
574 1432 716 1493 incensus
738 1432 821 1506 lurit,

193 1525 222 1576 et
243 1524 312 1596 post
332 1526 453 1596 tropaea
474 1516 579 1578 Troica
601 1534 635 1577 ac
657 1534 772 1578 versum
795 1516 881 1577 llium

192 1612 296 1681 captae
318 1603 441 1663 maritus
462 1610 573 1663 remeat
595 1611 625 1663 et
646 1601 754 1663 Priami
777 1620 878 1680 gener.

276 1686 448 1766 Accingere,
472 1687 587 1748 anime:
610 1686 687 1748 bella
709 1705 769 1748 non
792 1686 865 1747 levia
886 1704 1022 1765 apparas.

190 1771 288 1833 scelus
310 1772 516 1850 occupandum
539 1780 593 1833 est.
636 1772 730 1852 pigra,
753 1790 841 1849 quem
862 1780 1001 1851 'expectas
1024 1768 1124 1832 diem‘l

190 1854 311 1936 Pelopia
332 1855 478 1937 Phrygiae
498 1866 615 1937 sceptra
637 1857 707 1918 dum
730 1865 849 1919 teneant
872 1854 989 1918 nurus‘l

191 1960 228 2002 an
252 1950 281 2002 te
303 1951 457 2003 morantur
479 1942 608 2021 virgines
629 1941 733 2003 viduae
755 1941 834 2003 domi

191 2026 328 2105 patrique
351 2026 471 2088 Orestes
494 2024 620 2088 similis?
654 2028 759 2088 horum
782 2035 811 2086 te
833 2025 907 2087 mala

190 2119 312 2172 ventura
334 2120 479 2187 moveant,
502 2112 590 2173 turbo
613 2112 680 2190 quis
702 2130 800 2173 rerum
826 2111 973 2172 imminet:

191 2196 273 2275 quid,
296 2196 412 2271 misera,
436 2194 555 2258 cessas?
587 2216 623 2257 eu
647 2197 729 2258 adest
750 2197 827 2258 natis
849 2196 909 2279 tuis

189 2281 294 2342 lurens
318 2301 452 2343 noverca.
498 2301 551 2361 per
574 2292 668 2356 tnurn,
691 2282 716 2342 si
739 2281 822 2342 aliter
845 2281 958 2360 nequit,

190 2365 266 2426 latus
287 2367 421 2446 erigatur
443 2368 523 2427 ensis
544 2376 574 2428 et
596 2366 721 2446 perimat
743 2367 827 2427 duos.

190 2450 453 2526 miscecruorern,
475 2451 567 2531 perde
589 2452 750 2530 pereundo
765 2452 878 2513 virum:

190 2554 271 2598 mors
293 2537 399 2597 misera
422 2556 483 2597 non
506 2545 552 2597 est
573 2535 716 2598 commori
738 2555 805 2597 oum
829 2555 888 2615 quo
911 2535 991 2597 velis.
1071 2607 1074 2611 y

190 2638 273 2681 nvrn.
317 2621 441 2699 Regina,
464 2622 547 2681 lrena
569 2632 660 2683 temet
683 2634 712 2682 et
734 2622 804 2683 siste
827 2623 980 2702 impetus,

192 2716 221 2767 et
243 2716 351 2785 quauta
374 2715 499 2786 temptes
523 2708 634 2786 cogita:
657 2707 749 2767 victor
773 2708 852 2768 venit
876 2753 878 2757 -

190 2791 275 2852 Asiae
298 2791 415 2867 ferocis,
439 2790 519 2853 ultor
540 2792 687 2871 Europae,
710 2792 800 2853 trahit

191 2876 302 2955 captiva
324 2876 465 2956 Pergama
488 2886 517 2937 et
540 2877 590 2938 diu
614 2877 706 2939 victos
727 2876 874 2956 Phrygas;

190 2961 272 3022 hunc
293 2961 397 3023 lraude
419 2981 502 3023 nunc
524 2962 641 3023 conaris
664 2971 693 3023 et
713 2962 793 3022 furto
816 2959 948 3039 aggredi,

191 3064 279 3124 quem
302 3064 362 3106 non
386 3046 515 3108 Achilles
537 3065 609 3108 ense
631 3047 745 3108 violavit
767 3048 840 3120 lero,

191 3130 322 3209 quamvis
345 3149 501 3209 procacem
524 3140 625 3192 torvus
646 3139 788 3193 armasset
809 3148 940 3207 manum,

190 3233 251 3278 uon
274 3215 379 3276 melior
400 3217 471 3278 Aiax
493 3224 588 3277 morte
611 3216 727 3277 decreta
750 3217 864 3290 furens,

191 3318 252 3361 non
275 3300 336 3362 sola
359 3301 466 3362 [lanais
488 3300 598 3362 Hector
621 3310 650 3362 et
672 3300 749 3361 hello
771 3319 864 3374 mora,

190 3403 252 3445 non
274 3386 330 3447 tela
353 3384 467 3447 Paridis
490 3394 580 3459 certa,
603 3404 663 3446 non
688 3385 827 3447 Memnon
852 3387 947 3464 niger,

190 3488 251 3531 non
274 3469 409 3532 Xanthus
431 3470 520 3531 armis
543 3489 668 3550 corpora
690 3471 830 3532 immixtis
853 3487 959 3549 gerens

189 3555 358 3635 ductusque
381 3555 488 3617 Simois
510 3556 598 3617 caede
620 3574 790 3636 purpureos
814 3573 914 3633 agens,

191 3677 394 3687 —.-.-.----

277 3728 323 3776 111
343 3724 407 3789 virg.
425 3727 525 3774 tanturn
543 3726 563 3785 ς
635 3725 683 3776 182
702 3738 752 3773 om.
770 3723 795 3773 Ε
865 3725 913 3778 185
932 3736 1001 3787 umq.
1020 3720 1062 3771 sel
1079 3735 1141 3772 suus
1158 3721 1222 3773 cael.
1238 3717 1262 3770 A

191 3795 239 3845 186
257 3790 370 3844 Briseida
389 3791 483 3854 (-dem
501 3792 530 3855 ς)
547 3793 572 3843 A
660 3794 707 3843 181
726 3791 825 3842 vulsum
843 3791 868 3841 A
956 3792 1003 3841 188
1022 3805 1054 3840 eu
1083 3787 1179 3855 rapidis
1197 3785 1261 3840 hh

192 3863 239 3913 180
257 3859 364 3927 trophea
382 3860 477 3911 troiaca
494 3860 519 3910 h
590 3862 639 3912 189
657 3858 726 3910 aliud
744 3859 832 3927 nequit
843 3861 869 3910 A
938 3859 987 3910 201
1007 3856 1130 3923 perfunde
1148 3852 1261 3908 virnmll

189 3930 238 3980 203
256 3927 380 3992 impetum
398 3928 479 3992 vulgo
496 3933 558 3992 post
565 3927 728 3978 Soricariam
747 3933 841 3978 contro
855 3926 931 3977 codd.
983 3928 1035 3978 204
1052 3927 1167 3986 tentas&
1214 3924 1257 3976 211

189 4000 216 4044 et
233 3994 262 4056 1.]
280 3995 368 4044 insana
387 3993 411 4047 A
480 3997 529 4046 213
548 3997 655 4047 sauthus
673 3995 706 4046 lt.
723 3997 757 4033 '-
774 3995 887 4046 immixta
905 3994 956 4045 ΕΑ
974 4010 1045 4046 corr.
1062 3996 1082 4057 ς
